2940 4898
174 285 214 343 56

173 451 319 534 Xenoph.
346 450 448 515 Anah.
478 451 510 514 in
547 451 652 517 indice
688 451 746 515 suh
783 451 976 531 accusatiro,
1013 452 1199 535 Kampluer.
1226 453 1245 516 l.
1267 472 1290 517 c.

173 573 245 636 pag.
263 556 312 633 37,
334 551 448 617 hlttller
470 552 510 617 de
533 554 610 618 eloc.
626 554 699 636 Lys.
716 571 788 636 pag.
800 556 850 633 22,
872 552 1070 634 Engelhardt
1085 555 1105 618 l.
1120 573 1231 637 espec.
1246 554 1290 617 lll

173 674 247 738 pag.
262 656 317 735 203
340 653 378 718 cl.
394 654 490 718 etiam
516 654 682 738 Blaydesii
705 655 748 718 ad
772 655 846 738 Lys.
862 674 889 720 r.
910 658 968 717 179
991 655 1239 736 annotationem,
1261 656 1292 719 in

173 776 238 838 qna
260 757 407 839 exempla
438 776 476 821 ex
507 756 679 840 Aeschylo,
711 754 881 835 Herodoto,
909 756 1107 841 Thucydide,
1137 757 1293 841 Appiano,

173 857 317 921 Luciano
340 857 531 941 deprompta
553 859 653 923 affert.

258 957 459 1024 Anacolutha
483 959 579 1042 igitur
601 960 791 1040 accusativi,
822 979 906 1042 quae
929 980 985 1024 sno
1008 962 1076 1025 iure
1100 961 1158 1025 hoc
1180 980 1294 1027 nornen

173 1061 300 1142 habent,
323 1061 364 1126 ab
381 1060 606 1146 Aristophanis
625 1062 743 1126 sabulis
762 1063 888 1128 ahsunt.
922 1063 1097 1147 Praecipue
1119 1063 1292 1128 notandum

172 1169 229 1247 est,
260 1183 299 1229 ne
329 1163 486 1228 eiusmodi
518 1163 645 1246 quidem
677 1165 826 1248 exempla
857 1165 943 1248 apud
973 1166 1128 1229 comicum
1151 1165 1293 1247 inveniri,

172 1267 205 1331 in
228 1266 344 1348 quihus
367 1266 569 1331 accusativus
592 1267 636 1330 rei
659 1274 715 1330 ant
737 1286 903 1350 personae,
925 1267 966 1332 de
981 1287 1046 1349 qna
1062 1275 1179 1350 agatur
1193 1289 1294 1350 gram-

173 1369 311 1433 maticae
340 1367 569 1432 enuntiationis
598 1375 775 1433 structurae
805 1370 895 1433 nulla
923 1371 1045 1434 ratione
1070 1370 1182 1434 hahita
1205 1389 1293 1454 prue-

173 1471 323 1550 mittatur,
354 1489 448 1551 quem
479 1491 568 1533 usum
600 1469 727 1533 dicendi
754 1472 891 1535 sermoni
914 1471 1067 1534 familiari
1091 1477 1201 1555 aptum
1226 1490 1293 1537 esse

175 1572 269 1637 facile
285 1570 406 1635 credas.
422 1570 445 1654 ¹)
480 1573 515 1635 lu
532 1571 655 1636 dnohus
671 1572 754 1635 eninr
772 1572 936 1656 exemplis,
960 1592 1042 1653 qnae
1067 1573 1126 1636 huo
1149 1583 1294 1655 spectare

172 1674 291 1756 aliquis
306 1673 475 1756 putaverit,
492 1674 557 1756 Lys
573 1676 634 1736 tos
651 1694 712 1754 erp:
735 1660 763 1737 oi
776 1671 949 1758 χρυσοχόε,
964 1666 1026 1739 τὸν
1042 1668 1148 1758 ὅρμον
1165 1669 1207 1739 ὃν
1222 1673 1292 1739 ἒπε-

172 1772 334 1851 anatome
354 1776 358 1860 Ι
442 1773 447 1859 Ι
467 1768 486 1860 ἡ
509 1771 654 1854 βάλανος
676 1771 894 1841 ἐκπέπτωκεν
910 1776 946 1841 ἐκ
961 1781 1023 1841 τοῦ
1045 1772 1216 1860 τρήματος
1239 1777 1294 1862 (ad

172 1898 267 1960 quern
291 1897 417 1942 versum
441 1875 615 1943 scholiasta
644 1883 796 1942 annotat:
827 1869 900 1944 ἀντὶ
923 1880 984 1944 τοῦ
1009 1873 1114 1963 hortor]
1128 1870 1294 1964 Ἀττικῶς)

172 1986 204 2046 et
226 1981 308 2044 Plut.
330 1982 408 2041 200:
439 1972 531 2056 ὅπως
562 1977 628 2064 ἐγώ
657 1975 720 2064 τὴν
748 1976 888 2064 δύναμιν
915 1972 958 2066 ἣν
986 1975 1076 2065 ὑμεῖς
1103 1981 1189 2062 φατὲ
1213 1979 1293 2066 ἔχειν

171 2106 221 2166 με,
242 2077 366 2166 ταύτης
388 2076 549 2167 δεσπότης
571 2077 758 2167 γενήσομαι,
782 2085 960 2149 accusativi
983 2075 1088 2167 ὅρμον
1103 2093 1136 2148 et
1151 2079 1288 2168 δύναμιν

174 2191 258 2250 certe
289 2184 478 2249 attractione
510 2185 716 2250 relativorum
746 2205 829 2267 quae
852 2195 1026 2268 sequuntur
1050 2179 1091 2249 ὅν
1114 2195 1145 2250 et
1169 2180 1214 2273 ἥν
1236 2184 1287 2251 orti

173 2292 254 2368 sunt,
285 2304 482 2367 quamquain
514 2285 571 2351 hos
598 2307 710 2352 versus
733 2288 815 2352 iuter
838 2287 1059 2354 anacoluthias
1082 2295 1167 2353 reete
1191 2306 1291 2353 nume

173 2391 237 2454 rari
267 2407 363 2472 posse
393 2408 456 2451 nou
477 2389 680 2473 [negaverim.
725 2390 808 2454 Nam
839 2389 867 2454 is
896 2391 951 2473 qni
980 2391 1092 2473 legerit
1115 2382 1223 2475 ὅρμον
1245 2390 1293 2455 vel

152 2487 316 2574 (δύναμιν
338 2498 422 2555 certe
446 2491 544 2556 aliam
568 2492 768 2575 exspectabit
792 2492 1052 2573 enuntiationem,
1081 2513 1180 2573 qnam
1213 2510 1294 2576 quae

173 2615 206 2660 re
229 2615 306 2660 vera
329 2593 482 2675 sequitur.

688 2764 707 2848 ξ
735 2768 779 2828 ro.

406 2884 456 2949 lte
480 2883 666 2950 adiectiris
690 2884 853 2949 arechis
877 2884 1059 2951 derivatis.

258 3004 409 3067 dnostro
431 3023 491 3067 usu
513 3002 639 3067 dicendi
662 3003 759 3086 plane
782 3002 932 3068 abhorret
954 3009 1097 3068 stuctura
1120 3001 1294 3067 adiectivo-

173 3126 250 3185 rum,
280 3124 370 3187 quae,
401 3105 476 3187 quia
498 3126 519 3169 a
542 3106 648 3171 verbis
671 3105 819 3170 derivata
845 3113 929 3189 sunt,
959 3105 1118 3171 adieetiva
1148 3105 1295 3169 verbalia

173 3214 336 3272 vocantur.
381 3206 581 3292 Usurpantur
603 3207 687 3272 enim
717 3226 766 3289 ea,
796 3226 879 3288 quae
908 3207 942 3271 in
971 3202 1046 3284 τὲος
1074 3214 1201 3290 exeunt,
1231 3228 1293 3272 non

172 3318 238 3375 tam
269 3308 488 3393 personaliter,
518 3310 603 3392 quod
627 3309 755 3392 quidem
780 3317 909 3373 nostrae
931 3309 1090 3392 cogitandi
1115 3316 1145 3373 et
1167 3308 1293 3374 dicendi

173 3412 289 3476 rationi
312 3419 422 3496 aptum
446 3420 502 3495 est,
531 3432 627 3494 quarn
661 3412 927 3496 impersonaliter,
957 3413 1003 3476 ita
1026 3418 1060 3475 ut
1082 3411 1237 3476 obiectum
1261 3412 1293 3475 in

173 3514 285 3580 eodern
308 3534 386 3579 casu
409 3515 588 3598 adiicietur,
618 3535 712 3597 qucm
737 3515 876 3596 verbum,
900 3514 983 3578 unde
1005 3514 1198 3579 adiectivum
1225 3535 1293 3598 pro-

173 3616 287 3682 fectum
320 3623 376 3698 est,
406 3616 538 3700 flagitat,
569 3617 664 3681 huius
693 3622 800 3681 auteur
833 3616 934 3699 ipsius
951 3624 1109 3681 ⁴nentrum
1142 3616 1211 3680 sive
1234 3616 1294 3680 sin-

171 3720 283 3801 gulare
306 3719 374 3784 sive
397 3720 521 3805 plurale
544 3724 688 3802 ponatur.
733 3717 831 3781 Cuius
860 3724 1036 3782 structurae
1067 3720 1224 3802 exemplu,
1254 3719 1293 3782 si-

173 3821 301 3902 quidem
337 3820 534 3887 adiectivum
572 3819 702 3885 verbale
734 3840 754 3884 a
784 3819 880 3884 verbo
917 3820 1085 3884 transitivo
1122 3819 1293 3901 derivatur,

260 4078 280 4138 ¹)
297 4071 333 4129 cf.
351 4073 468 4129 Khhner
485 4075 576 4140 §tera
597 4073 714 4128 Richter
732 4073 748 4126 Ι.
762 4088 785 4125 c.
804 4073 819 4140 ξ
835 4077 874 4126 11.

257 4163 279 4224 ²)
297 4160 331 4214 cf.
350 4160 429 4214 Koch
447 4160 465 4212 l.
477 4175 500 4213 e.
519 4175 545 4226 p.
560 4162 591 4211 53
608 4158 625 4226 ξ
640 4164 678 4223 18,
702 4159 729 4212 in
756 4158 853 4226 primis
877 4174 922 4212 vv.
941 4157 1030 4213 Orest.
1052 4161 1201 4226 struncon,
1220 4159 1289 4212 Ben-

172 4247 243 4299 loew
261 4245 279 4298 l.
291 4262 313 4298 c.
333 4261 396 4313 pag.
409 4249 449 4299 34.
