<?xml version="1.0" encoding="UTF-8"?>
<!DOCTYPE html PUBLIC "-//W3C//DTD XHTML 1.0 Transitional//EN"
    "http://www.w3.org/TR/xhtml1/DTD/xhtml1-transitional.dtd">
<html xmlns="http://www.w3.org/1999/xhtml" xml:lang="en" lang="en">
 <head>
  <title>
</title>
<meta http-equiv="Content-Type" content="text/html;charset=utf-8" />
  <meta name='ocr-system' content='tesseract 3.04.00' />
  <meta name='ocr-capabilities' content='ocr_page ocr_carea ocr_par ocr_line ocrx_word'/>
</head>
<body>
  <div class='ocr_page' id='page_1' title='image "./deanacoluthisap00bringoog_0059.png"; bbox 0 0 2940 4898; ppageno 0'>
   <div class='ocr_carea' id='block_1_1' title="bbox 192 274 232 331">
    <p class='ocr_par' dir='ltr' id='par_1_1' title="bbox 192 274 232 331">
     <span class='ocr_line' id='line_1_1' title="bbox 192 274 232 331; baseline 0.075 -3"><span class='ocrx_word' id='word_1_1' title='bbox 192 274 232 331; x_wconf 72' lang='grc'>54</span> 
     </span>
    </p>
   </div>
   <div class='ocr_carea' id='block_1_2' title="bbox 163 429 1317 3894">
    <p class='ocr_par' dir='ltr' id='par_1_2' title="bbox 188 429 1304 625">
     <span class='ocr_line' id='line_1_2' title="bbox 188 429 1304 524; baseline -0.002 -21"><span class='ocrx_word' id='word_1_2' title='bbox 188 432 324 523; x_wconf 74' lang='grc' dir='ltr'><em>τάχιστιὶ</em></span> <span class='ocrx_word' id='word_1_3' title='bbox 345 461 401 521; x_wconf 84' lang='grc' dir='ltr'>μοι</span> <span class='ocrx_word' id='word_1_4' title='bbox 425 438 429 519; x_wconf 95' lang='grc' dir='ltr'>Ι</span> <span class='ocrx_word' id='word_1_5' title='bbox 453 439 574 514; x_wconf 81' lang='grc' dir='ltr'><em>παῖδας</em></span> <span class='ocrx_word' id='word_1_6' title='bbox 592 434 761 520; x_wconf 76' lang='grc' dir='ltr'><em>κτανούσγγ</em></span> <span class='ocrx_word' id='word_1_7' title='bbox 791 429 879 524; x_wconf 78' lang='grc' dir='ltr'>τῆςδ</span> <span class='ocrx_word' id='word_1_8' title='bbox 903 430 1118 522; x_wconf 72' lang='grc' dir='ltr'><em>ἀφορμᾶσθαι</em></span> <span class='ocrx_word' id='word_1_9' title='bbox 1150 433 1304 522; x_wconf 65' lang='grc' dir='ltr'><em>χθονδςΙ</em></span> 
     </span>
     <span class='ocr_line' id='line_1_3' title="bbox 190 532 674 625; baseline 0.004 -22"><span class='ocrx_word' id='word_1_10' title='bbox 190 541 245 604; x_wconf 89' lang='grc' dir='ltr'><em>καὶ</em></span> <span class='ocrx_word' id='word_1_11' title='bbox 267 536 311 624; x_wconf 80' lang='grc' dir='ltr'>μὴ</span> <span class='ocrx_word' id='word_1_12' title='bbox 334 532 457 624; x_wconf 76' lang='grc' dir='ltr'><em>σχολήν</em></span> <span class='ocrx_word' id='word_1_13' title='bbox 480 533 635 625; x_wconf 76' lang='grc' dir='ltr'><em>ἄγουσαν.</em></span> <span class='ocrx_word' id='word_1_14' title='bbox 651 541 674 623; x_wconf 84' lang='lat'>¹)</span> 
     </span>
    </p>

    <p class='ocr_par' dir='ltr' id='par_1_3' title="bbox 190 640 1311 1033">
     <span class='ocr_line' id='line_1_4' title="bbox 276 640 1310 726; baseline 0 -20"><span class='ocrx_word' id='word_1_15' title='bbox 276 642 414 706; x_wconf 90' lang='lat' dir='ltr'>Pluralis</span> <span class='ocrx_word' id='word_1_16' title='bbox 446 651 517 725; x_wconf 89' lang='lat' dir='ltr'>post</span> <span class='ocrx_word' id='word_1_17' title='bbox 539 642 651 726; x_wconf 77' lang='lat' dir='ltr'>potin</span> <span class='ocrx_word' id='word_1_18' title='bbox 674 641 724 705; x_wconf 87' lang='lat' dir='ltr'>bis</span> <span class='ocrx_word' id='word_1_19' title='bbox 747 641 974 706; x_wconf 88' lang='lat' dir='ltr'>duobus·loeis</span> <span class='ocrx_word' id='word_1_20' title='bbox 996 640 1076 705; x_wconf 88' lang='lat' dir='ltr'>nihil</span> <span class='ocrx_word' id='word_1_21' title='bbox 1099 640 1196 707; x_wconf 86' lang='lat' dir='ltr'>habet</span> <span class='ocrx_word' id='word_1_22' title='bbox 1218 643 1310 707; x_wconf 74' lang='lat' dir='ltr'>olien-</span> 
     </span>
     <span class='ocr_line' id='line_1_5' title="bbox 190 743 1310 827; baseline 0 -19"><span class='ocrx_word' id='word_1_23' title='bbox 190 744 304 825; x_wconf 87' lang='lat' dir='ltr'>sionis‚</span> <span class='ocrx_word' id='word_1_24' title='bbox 335 745 486 826; x_wconf 89' lang='lat' dir='ltr'>quoniam</span> <span class='ocrx_word' id='word_1_25' title='bbox 518 745 632 808; x_wconf 88' lang='lat' dir='ltr'>oborus</span> <span class='ocrx_word' id='word_1_26' title='bbox 661 744 700 809; x_wconf 88' lang='lat' dir='ltr'>de</span> <span class='ocrx_word' id='word_1_27' title='bbox 731 763 766 809; x_wconf 90' lang='lat' dir='ltr'>se</span> <span class='ocrx_word' id='word_1_28' title='bbox 789 745 859 827; x_wconf 92' lang='lat' dir='ltr'>ipso</span> <span class='ocrx_word' id='word_1_29' title='bbox 882 744 933 809; x_wconf 87' lang='lat' dir='ltr'>vel</span> <span class='ocrx_word' id='word_1_30' title='bbox 956 745 988 807; x_wconf 93' lang='lat' dir='ltr'>in</span> <span class='ocrx_word' id='word_1_31' title='bbox 1012 743 1124 808; x_wconf 89' lang='lat' dir='ltr'>eodem</span> <span class='ocrx_word' id='word_1_32' title='bbox 1147 745 1310 808; x_wconf 89' lang='lat' dir='ltr'>enuntiato</span> 
     </span>
     <span class='ocr_line' id='line_1_6' title="bbox 191 847 1311 932; baseline -0.001 -19"><span class='ocrx_word' id='word_1_33' title='bbox 191 858 222 913; x_wconf 89' lang='lat' dir='ltr'>et</span> <span class='ocrx_word' id='word_1_34' title='bbox 243 848 401 932; x_wconf 82' lang='lat' dir='ltr'>pluralem</span> <span class='ocrx_word' id='word_1_35' title='bbox 424 854 455 912; x_wconf 92' lang='lat' dir='ltr'>et</span> <span class='ocrx_word' id='word_1_36' title='bbox 478 848 674 930; x_wconf 78' lang='lat' dir='ltr'>singularem</span> <span class='ocrx_word' id='word_1_37' title='bbox 698 866 852 930; x_wconf 86' lang='lat' dir='ltr'>usurpare</span> <span class='ocrx_word' id='word_1_38' title='bbox 875 853 992 930; x_wconf 78' lang='lat' dir='ltr'>potest,</span> <span class='ocrx_word' id='word_1_39' title='bbox 1021 847 1111 910; x_wconf 87' lang='lat' dir='ltr'>ouius</span> <span class='ocrx_word' id='word_1_40' title='bbox 1134 853 1311 912; x_wconf 78' lang='lat' dir='ltr'><strong>structurae</strong></span> 
     </span>
     <span class='ocr_line' id='line_1_7' title="bbox 190 949 853 1033; baseline 0 -18"><span class='ocrx_word' id='word_1_41' title='bbox 190 951 257 1015; x_wconf 89' lang='lat' dir='ltr'>alia</span> <span class='ocrx_word' id='word_1_42' title='bbox 279 950 428 1033; x_wconf 82' lang='lat' dir='ltr'>exempla</span> <span class='ocrx_word' id='word_1_43' title='bbox 450 949 512 1015; x_wconf 83' lang='lat' dir='ltr'>rid.</span> <span class='ocrx_word' id='word_1_44' title='bbox 535 969 633 1033; x_wconf 91' lang='lat' dir='ltr'>snpra</span> <span class='ocrx_word' id='word_1_45' title='bbox 657 969 728 1032; x_wconf 80' lang='lat' dir='ltr'>pag.</span> <span class='ocrx_word' id='word_1_46' title='bbox 745 953 781 1012; x_wconf 84' lang='lat'>31</span> <span class='ocrx_word' id='word_1_47' title='bbox 808 969 853 1032; x_wconf 90' lang='lat' dir='ltr'>sq.</span> 
     </span>
    </p>

    <p class='ocr_par' dir='ltr' id='par_1_4' title="bbox 188 1051 1314 2668">
     <span class='ocr_line' id='line_1_8' title="bbox 274 1051 1313 1134; baseline -0.002 -17"><span class='ocrx_word' id='word_1_48' title='bbox 274 1054 312 1117; x_wconf 93' lang='lat' dir='ltr'>ln</span> <span class='ocrx_word' id='word_1_49' title='bbox 334 1051 498 1116; x_wconf 82' lang='lat' dir='ltr'>nonnullis</span> <span class='ocrx_word' id='word_1_50' title='bbox 522 1051 600 1115; x_wconf 90' lang='lat' dir='ltr'>loeis</span> <span class='ocrx_word' id='word_1_51' title='bbox 622 1051 719 1116; x_wconf 89' lang='lat' dir='ltr'>etiam</span> <span class='ocrx_word' id='word_1_52' title='bbox 742 1053 931 1134; x_wconf 77' lang='lat' dir='ltr'>pronomine</span> <span class='ocrx_word' id='word_1_53' title='bbox 953 1051 1004 1115; x_wconf 87' lang='lat' dir='ltr'>vel</span> <span class='ocrx_word' id='word_1_54' title='bbox 1028 1051 1230 1116; x_wconf 88' lang='lat' dir='ltr'>substantivo</span> <span class='ocrx_word' id='word_1_55' title='bbox 1253 1071 1313 1115; x_wconf 92' lang='lat' dir='ltr'>non</span> 
     </span>
     <span class='ocr_line' id='line_1_9' title="bbox 190 1151 1314 1236; baseline -0.001 -17"><span class='ocrx_word' id='word_1_56' title='bbox 190 1154 399 1220; x_wconf 79' lang='lat' dir='ltr'>antecedente</span> <span class='ocrx_word' id='word_1_57' title='bbox 422 1153 625 1219; x_wconf 78' lang='lat' dir='ltr'>aecusativus</span> <span class='ocrx_word' id='word_1_58' title='bbox 654 1153 814 1236; x_wconf 83' lang='lat' dir='ltr'>participii</span> <span class='ocrx_word' id='word_1_59' title='bbox 848 1173 918 1217; x_wconf 88' lang='lat' dir='ltr'>eum</span> <span class='ocrx_word' id='word_1_60' title='bbox 947 1151 1102 1216; x_wconf 87' lang='lat' dir='ltr'>infinitivo</span> <span class='ocrx_word' id='word_1_61' title='bbox 1129 1153 1314 1219; x_wconf 89' lang='lat' dir='ltr'>ooniunotus</span> 
     </span>
     <span class='ocr_line' id='line_1_10' title="bbox 190 1255 1314 1340; baseline -0.001 -19"><span class='ocrx_word' id='word_1_62' title='bbox 190 1265 254 1340; x_wconf 84' lang='lat' dir='ltr'>est,</span> <span class='ocrx_word' id='word_1_63' title='bbox 283 1277 476 1339; x_wconf 89' lang='lat' dir='ltr'>quamquam</span> <span class='ocrx_word' id='word_1_64' title='bbox 505 1255 701 1340; x_wconf 89' lang='lat' dir='ltr'>pronominis</span> <span class='ocrx_word' id='word_1_65' title='bbox 732 1258 781 1321; x_wconf 89' lang='lat' dir='ltr'>vel</span> <span class='ocrx_word' id='word_1_66' title='bbox 812 1255 1001 1320; x_wconf 82' lang='lat' dir='ltr'>substantivi</span> <span class='ocrx_word' id='word_1_67' title='bbox 1025 1255 1156 1320; x_wconf 82' lang='lat' dir='ltr'>dativus</span> <span class='ocrx_word' id='word_1_68' title='bbox 1177 1257 1314 1320; x_wconf 88' lang='lat' dir='ltr'>omissus</span> 
     </span>
     <span class='ocr_line' id='line_1_11' title="bbox 191 1357 1313 1441; baseline -0.003 -17"><span class='ocrx_word' id='word_1_69' title='bbox 191 1380 262 1424; x_wconf 86' lang='lat' dir='ltr'>esse</span> <span class='ocrx_word' id='word_1_70' title='bbox 284 1358 419 1424; x_wconf 86' lang='lat' dir='ltr'>videtur.</span> <span class='ocrx_word' id='word_1_71' title='bbox 462 1359 545 1424; x_wconf 80' lang='lat' dir='ltr'>lleel.</span> <span class='ocrx_word' id='word_1_72' title='bbox 565 1363 644 1422; x_wconf 83' lang='lat'>1003</span> <span class='ocrx_word' id='word_1_73' title='bbox 668 1367 764 1441; x_wconf 90' lang='lat' dir='ltr'>poeta</span> <span class='ocrx_word' id='word_1_74' title='bbox 787 1358 933 1423; x_wconf 90' lang='lat' dir='ltr'>iuvenem</span> <span class='ocrx_word' id='word_1_75' title='bbox 957 1357 999 1421; x_wconf 90' lang='lat' dir='ltr'>ad</span> <span class='ocrx_word' id='word_1_76' title='bbox 1022 1359 1163 1422; x_wconf 89' lang='lat' dir='ltr'>vetulam</span> <span class='ocrx_word' id='word_1_77' title='bbox 1186 1358 1313 1422; x_wconf 91' lang='lat' dir='ltr'>eumin</span> 
     </span>
     <span class='ocr_line' id='line_1_12' title="bbox 190 1461 1312 1545; baseline -0.001 -19"><span class='ocrx_word' id='word_1_78' title='bbox 190 1463 320 1526; x_wconf 87' lang='lat' dir='ltr'>domum</span> <span class='ocrx_word' id='word_1_79' title='bbox 350 1461 476 1525; x_wconf 86' lang='lat' dir='ltr'>trahere</span> <span class='ocrx_word' id='word_1_80' title='bbox 508 1468 674 1526; x_wconf 78' lang='lat' dir='ltr'>conantem</span> <span class='ocrx_word' id='word_1_81' title='bbox 701 1481 759 1545; x_wconf 92' lang='lat' dir='ltr'>per</span> <span class='ocrx_word' id='word_1_82' title='bbox 781 1461 952 1526; x_wconf 85' lang='lat' dir='ltr'>ludibrium</span> <span class='ocrx_word' id='word_1_83' title='bbox 975 1461 1054 1524; x_wconf 83' lang='lat' dir='ltr'>fauit</span> <span class='ocrx_word' id='word_1_84' title='bbox 1076 1461 1252 1525; x_wconf 72' lang='lat' dir='ltr'>dmentem:</span> <span class='ocrx_word' id='word_1_85' title='bbox 1281 1461 1312 1525; x_wconf 82' lang='grc' dir='ltr'><em>τί</em></span> 
     </span>
     <span class='ocr_line' id='line_1_13' title="bbox 190 1553 1313 1647; baseline -0.002 -18"><span class='ocrx_word' id='word_1_86' title='bbox 190 1565 275 1646; x_wconf 81' lang='grc' dir='ltr'><em>δῆτα</em></span> <span class='ocrx_word' id='word_1_87' title='bbox 304 1558 467 1647; x_wconf 76' lang='grc' dir='ltr'><em>κρεάγρας</em></span> <span class='ocrx_word' id='word_1_88' title='bbox 496 1575 568 1640; x_wconf 82' lang='grc' dir='ltr'><em>τοῖς</em></span> <span class='ocrx_word' id='word_1_89' title='bbox 603 1555 719 1640; x_wconf 78' lang='grc' dir='ltr'><strong><em>κάδοις</em></strong></span> <span class='ocrx_word' id='word_1_90' title='bbox 755 1553 915 1647; x_wconf 75' lang='lat' dir='ltr'>uivotpad&#39;</span> <span class='ocrx_word' id='word_1_91' title='bbox 947 1555 988 1626; x_wconf 79' lang='lat' dir='ltr'>du</span> <span class='ocrx_word' id='word_1_92' title='bbox 1016 1564 1020 1646; x_wconf 95' lang='grc' dir='ltr'>Ι</span> <span class='ocrx_word' id='word_1_93' title='bbox 1053 1557 1130 1643; x_wconf 75' lang='grc' dir='ltr'><em>ἐξὸν</em></span> <span class='ocrx_word' id='word_1_94' title='bbox 1164 1559 1313 1628; x_wconf 76' lang='grc' dir='ltr'><em>καθέντα</em></span> 
     </span>
     <span class='ocr_line' id='line_1_14' title="bbox 188 1657 1313 1754; baseline -0.004 -22"><span class='ocrx_word' id='word_1_95' title='bbox 188 1663 328 1754; x_wconf 80' lang='grc' dir='ltr'><em>γρᾴδιον</em></span> <span class='ocrx_word' id='word_1_96' title='bbox 356 1665 531 1729; x_wconf 88' lang='grc' dir='ltr'><em>τοιουτονὶ</em></span> <span class='ocrx_word' id='word_1_97' title='bbox 554 1665 558 1748; x_wconf 88' lang='grc' dir='ltr'>Ι</span> <span class='ocrx_word' id='word_1_98' title='bbox 586 1663 623 1729; x_wconf 75' lang='grc' dir='ltr'><em>ἐκ</em></span> <span class='ocrx_word' id='word_1_99' title='bbox 644 1669 716 1730; x_wconf 78' lang='grc' dir='ltr'>τῶν</span> <span class='ocrx_word' id='word_1_100' title='bbox 738 1657 896 1749; x_wconf 78' lang='grc' dir='ltr'><em>φρεάτων</em></span> <span class='ocrx_word' id='word_1_101' title='bbox 918 1659 997 1741; x_wconf 80' lang='grc' dir='ltr'><em>τοὺς</em></span> <span class='ocrx_word' id='word_1_102' title='bbox 1025 1659 1149 1740; x_wconf 81' lang='grc' dir='ltr'><em>κάδους</em></span> <span class='ocrx_word' id='word_1_103' title='bbox 1172 1668 1313 1748; x_wconf 74' lang='grc' dir='ltr'><em>ξυλλαμ-</em></span> 
     </span>
     <span class='ocr_line' id='line_1_15' title="bbox 190 1765 1314 1851; baseline -0.003 -18"><span class='ocrx_word' id='word_1_104' title='bbox 190 1765 315 1849; x_wconf 83' lang='grc' dir='ltr'><em>βάνειν.</em></span> <span class='ocrx_word' id='word_1_105' title='bbox 369 1767 563 1851; x_wconf 88' lang='lat' dir='ltr'>Blaydesius</span> <span class='ocrx_word' id='word_1_106' title='bbox 592 1767 625 1830; x_wconf 92' lang='lat' dir='ltr'>in</span> <span class='ocrx_word' id='word_1_107' title='bbox 658 1774 780 1832; x_wconf 85' lang='lat' dir='ltr'>textum</span> <span class='ocrx_word' id='word_1_108' title='bbox 811 1767 931 1851; x_wconf 89' lang='lat' dir='ltr'>reoepit</span> <span class='ocrx_word' id='word_1_109' title='bbox 960 1765 1118 1844; x_wconf 77' lang='grc' dir='ltr'><em>καθέντι,</em></span> <span class='ocrx_word' id='word_1_110' title='bbox 1156 1767 1200 1831; x_wconf 91' lang='lat' dir='ltr'>ad</span> <span class='ocrx_word' id='word_1_111' title='bbox 1231 1765 1314 1848; x_wconf 91' lang='lat' dir='ltr'>quod</span> 
     </span>
     <span class='ocr_line' id='line_1_16' title="bbox 190 1866 1314 1952; baseline -0.004 -16"><span class='ocrx_word' id='word_1_112' title='bbox 190 1872 256 1936; x_wconf 80' lang='grc' dir='ltr'><em>τινὶ</em></span> <span class='ocrx_word' id='word_1_113' title='bbox 272 1869 530 1935; x_wconf 87' lang='lat' dir='ltr'>subaudiendum</span> <span class='ocrx_word' id='word_1_114' title='bbox 545 1888 617 1934; x_wconf 88' lang='lat' dir='ltr'>esse</span> <span class='ocrx_word' id='word_1_115' title='bbox 631 1869 717 1952; x_wconf 86' lang='lat' dir='ltr'>dioit,</span> <span class='ocrx_word' id='word_1_116' title='bbox 739 1885 934 1951; x_wconf 88' lang='lat' dir='ltr'>quamquam</span> <span class='ocrx_word' id='word_1_117' title='bbox 956 1866 1115 1949; x_wconf 82' lang='grc' dir='ltr'><em>καθέντα,</em></span> <span class='ocrx_word' id='word_1_118' title='bbox 1137 1869 1224 1951; x_wconf 91' lang='lat' dir='ltr'>quod</span> <span class='ocrx_word' id='word_1_119' title='bbox 1246 1867 1314 1934; x_wconf 89' lang='lat' dir='ltr'>libri</span> 
     </span>
     <span class='ocr_line' id='line_1_17' title="bbox 190 1971 1312 2064; baseline -0.003 -27"><span class='ocrx_word' id='word_1_120' title='bbox 190 1974 355 2064; x_wconf 85' lang='lat' dir='ltr'>praebent,</span> <span class='ocrx_word' id='word_1_121' title='bbox 370 1991 472 2053; x_wconf 91' lang='lat' dir='ltr'>aeque</span> <span class='ocrx_word' id='word_1_122' title='bbox 487 1971 619 2055; x_wconf 90' lang='lat' dir='ltr'>probum</span> <span class='ocrx_word' id='word_1_123' title='bbox 636 1991 708 2037; x_wconf 86' lang='lat' dir='ltr'>esse</span> <span class='ocrx_word' id='word_1_124' title='bbox 722 1991 794 2037; x_wconf 91' lang='lat' dir='ltr'>eum</span> <span class='ocrx_word' id='word_1_125' title='bbox 810 1971 1134 2061; x_wconf 13' lang='lat' dir='ltr'>Elmsleio‘oonoedit.</span> <span class='ocrx_word' id='word_1_126' title='bbox 1167 1971 1312 2036; x_wconf 86' lang='lat' dir='ltr'>Ceterum</span> 
     </span>
     <span class='ocr_line' id='line_1_18' title="bbox 191 2068 1313 2158; baseline -0.003 -19"><span class='ocrx_word' id='word_1_127' title='bbox 191 2075 270 2140; x_wconf 92' lang='lat' dir='ltr'>nibil</span> <span class='ocrx_word' id='word_1_128' title='bbox 298 2073 447 2157; x_wconf 86' lang='lat' dir='ltr'>impedit,</span> <span class='ocrx_word' id='word_1_129' title='bbox 477 2073 646 2155; x_wconf 87' lang='lat' dir='ltr'>quominus</span> <span class='ocrx_word' id='word_1_130' title='bbox 676 2075 882 2158; x_wconf 88' lang='lat' dir='ltr'>suppleamus</span> <span class='ocrx_word' id='word_1_131' title='bbox 904 2068 994 2154; x_wconf 83' lang='grc' dir='ltr'><em>τινά,</em></span> <span class='ocrx_word' id='word_1_132' title='bbox 1024 2072 1109 2155; x_wconf 87' lang='lat' dir='ltr'>quod</span> <span class='ocrx_word' id='word_1_133' title='bbox 1131 2079 1242 2138; x_wconf 87' lang='lat' dir='ltr'>tamen</span> <span class='ocrx_word' id='word_1_134' title='bbox 1264 2091 1313 2137; x_wconf 94' lang='lat' dir='ltr'>ne-</span> 
     </span>
     <span class='ocr_line' id='line_1_19' title="bbox 192 2174 1313 2257; baseline -0.005 -14"><span class='ocrx_word' id='word_1_135' title='bbox 192 2176 367 2243; x_wconf 79' lang='lat' dir='ltr'>cessarium</span> <span class='ocrx_word' id='word_1_136' title='bbox 398 2196 462 2239; x_wconf 92' lang='lat' dir='ltr'>non</span> <span class='ocrx_word' id='word_1_137' title='bbox 491 2182 547 2240; x_wconf 90' lang='lat' dir='ltr'>est.</span> <span class='ocrx_word' id='word_1_138' title='bbox 598 2175 684 2239; x_wconf 87' lang='lat' dir='ltr'>Nam</span> <span class='ocrx_word' id='word_1_139' title='bbox 720 2176 927 2241; x_wconf 88' lang='lat' dir='ltr'>aeeusativus</span> <span class='ocrx_word' id='word_1_140' title='bbox 962 2174 1050 2239; x_wconf 90' lang='lat' dir='ltr'>solus</span> <span class='ocrx_word' id='word_1_141' title='bbox 1083 2175 1208 2257; x_wconf 88' lang='lat' dir='ltr'>positus</span> <span class='ocrx_word' id='word_1_142' title='bbox 1238 2174 1313 2239; x_wconf 90' lang='lat' dir='ltr'>satis</span> 
     </span>
     <span class='ocr_line' id='line_1_20' title="bbox 191 2276 1312 2361; baseline -0.003 -18"><span class='ocrx_word' id='word_1_143' title='bbox 191 2278 372 2344; x_wconf 83' lang='lat' dir='ltr'>defenditur</span> <span class='ocrx_word' id='word_1_144' title='bbox 394 2277 560 2341; x_wconf 87' lang='lat' dir='ltr'>infinitivo.</span> <span class='ocrx_word' id='word_1_145' title='bbox 604 2277 676 2341; x_wconf 89' lang='lat' dir='ltr'>Hae</span> <span class='ocrx_word' id='word_1_146' title='bbox 700 2279 822 2342; x_wconf 87' lang='lat' dir='ltr'>ratione</span> <span class='ocrx_word' id='word_1_147' title='bbox 846 2277 992 2341; x_wconf 85' lang='lat' dir='ltr'>transitio</span> <span class='ocrx_word' id='word_1_148' title='bbox 1016 2297 1036 2340; x_wconf 90' lang='lat' dir='ltr'>a</span> <span class='ocrx_word' id='word_1_149' title='bbox 1058 2276 1176 2361; x_wconf 88' lang='lat' dir='ltr'>plurali</span> <span class='ocrx_word' id='word_1_150' title='bbox 1199 2277 1232 2341; x_wconf 92' lang='lat' dir='ltr'>in</span> <span class='ocrx_word' id='word_1_151' title='bbox 1255 2278 1312 2341; x_wconf 86' lang='lat' dir='ltr'>sin·</span> 
     </span>
     <span class='ocr_line' id='line_1_21' title="bbox 192 2378 1314 2464; baseline -0.003 -19"><span class='ocrx_word' id='word_1_152' title='bbox 192 2383 334 2464; x_wconf 82' lang='lat' dir='ltr'>gularem</span> <span class='ocrx_word' id='word_1_153' title='bbox 357 2380 476 2462; x_wconf 92' lang='lat' dir='ltr'>optime</span> <span class='ocrx_word' id='word_1_154' title='bbox 498 2378 693 2461; x_wconf 77' lang='lat' dir='ltr'>explicatur,</span> <span class='ocrx_word' id='word_1_155' title='bbox 723 2379 763 2444; x_wconf 94' lang='lat' dir='ltr'>de</span> <span class='ocrx_word' id='word_1_156' title='bbox 794 2399 858 2461; x_wconf 89' lang='lat' dir='ltr'>qua</span> <span class='ocrx_word' id='word_1_157' title='bbox 880 2400 914 2444; x_wconf 91' lang='lat' dir='ltr'>re</span> <span class='ocrx_word' id='word_1_158' title='bbox 937 2379 999 2443; x_wconf 85' lang='lat' dir='ltr'>vid.</span> <span class='ocrx_word' id='word_1_159' title='bbox 1023 2399 1122 2461; x_wconf 91' lang='lat' dir='ltr'>supra</span> <span class='ocrx_word' id='word_1_160' title='bbox 1144 2399 1174 2462; x_wconf 89' lang='lat' dir='ltr'>p.</span> <span class='ocrx_word' id='word_1_161' title='bbox 1190 2382 1241 2463; x_wconf 86' lang='lat'>30,</span> <span class='ocrx_word' id='word_1_162' title='bbox 1263 2398 1314 2442; x_wconf 88' lang='lat' dir='ltr'>an-</span> 
     </span>
     <span class='ocr_line' id='line_1_22' title="bbox 192 2479 1314 2559; baseline -0.001 -13"><span class='ocrx_word' id='word_1_163' title='bbox 192 2482 397 2548; x_wconf 89' lang='lat' dir='ltr'>notationem.</span> <span class='ocrx_word' id='word_1_164' title='bbox 434 2479 676 2559; x_wconf 76' lang='lat' dir='ltr'>Quamobrem</span> <span class='ocrx_word' id='word_1_165' title='bbox 698 2480 851 2546; x_wconf 88' lang='lat' dir='ltr'>Meinekii</span> <span class='ocrx_word' id='word_1_166' title='bbox 874 2482 1056 2546; x_wconf 82' lang='lat' dir='ltr'>coniectura</span> <span class='ocrx_word' id='word_1_167' title='bbox 1080 2481 1233 2545; x_wconf 76' lang='grc' dir='ltr'><em>καθέντα</em></span> <span class='ocrx_word' id='word_1_168' title='bbox 1254 2500 1314 2545; x_wconf 92' lang='lat' dir='ltr'>non</span> 
     </span>
     <span class='ocr_line' id='line_1_23' title="bbox 194 2592 354 2668; baseline 0 -20"><span class='ocrx_word' id='word_1_169' title='bbox 194 2605 275 2668; x_wconf 89' lang='lat' dir='ltr'>opus</span> <span class='ocrx_word' id='word_1_170' title='bbox 298 2592 354 2650; x_wconf 90' lang='lat' dir='ltr'>est.</span> 
     </span>
    </p>

    <p class='ocr_par' dir='ltr' id='par_1_5' title="bbox 163 2684 1317 3282">
     <span class='ocr_line' id='line_1_24' title="bbox 277 2684 1315 2770; baseline -0.001 -19"><span class='ocrx_word' id='word_1_171' title='bbox 277 2686 429 2751; x_wconf 82' lang='lat' dir='ltr'>Similiter</span> <span class='ocrx_word' id='word_1_172' title='bbox 458 2684 588 2748; x_wconf 86' lang='lat' dir='ltr'>t&#39;ormati</span> <span class='ocrx_word' id='word_1_173' title='bbox 618 2691 691 2749; x_wconf 88' lang='lat' dir='ltr'>sunt</span> <span class='ocrx_word' id='word_1_174' title='bbox 721 2705 771 2749; x_wconf 89' lang='lat' dir='ltr'>vv.</span> <span class='ocrx_word' id='word_1_175' title='bbox 794 2685 876 2749; x_wconf 92' lang='lat' dir='ltr'>Plut.</span> <span class='ocrx_word' id='word_1_176' title='bbox 893 2688 949 2748; x_wconf 82' lang='lat'>531</span> <span class='ocrx_word' id='word_1_177' title='bbox 971 2707 1025 2768; x_wconf 63' lang='lat' dir='ltr'>sq„</span> <span class='ocrx_word' id='word_1_178' title='bbox 1055 2686 1108 2749; x_wconf 91' lang='lat' dir='ltr'>ubi</span> <span class='ocrx_word' id='word_1_179' title='bbox 1131 2687 1315 2770; x_wconf 85' lang='lat' dir='ltr'>Paupertas</span> 
     </span>
     <span class='ocr_line' id='line_1_25' title="bbox 194 2787 1317 2873; baseline -0.001 -21"><span class='ocrx_word' id='word_1_180' title='bbox 194 2789 366 2873; x_wconf 79' lang='lat' dir='ltr'>Ohremylo</span> <span class='ocrx_word' id='word_1_181' title='bbox 391 2807 486 2868; x_wconf 87' lang='lat' dir='ltr'>quarn</span> <span class='ocrx_word' id='word_1_182' title='bbox 511 2788 693 2852; x_wconf 80' lang='lat' dir='ltr'>necessaria</span> <span class='ocrx_word' id='word_1_183' title='bbox 716 2794 816 2869; x_wconf 88' lang='lat' dir='ltr'>atque</span> <span class='ocrx_word' id='word_1_184' title='bbox 839 2787 926 2852; x_wconf 85' lang='lat' dir='ltr'>utilis</span> <span class='ocrx_word' id='word_1_185' title='bbox 948 2788 1021 2871; x_wconf 90' lang='lat' dir='ltr'>ipsa</span> <span class='ocrx_word' id='word_1_186' title='bbox 1044 2788 1085 2852; x_wconf 88' lang='lat' dir='ltr'>sit</span> <span class='ocrx_word' id='word_1_187' title='bbox 1106 2788 1317 2854; x_wconf 85' lang='lat' dir='ltr'>demonstrat:</span> 
     </span>
     <span class='ocr_line' id='line_1_26' title="bbox 192 2879 1316 2974; baseline -0.001 -18"><span class='ocrx_word' id='word_1_188' title='bbox 192 2892 316 2956; x_wconf 84' lang='grc' dir='ltr'><em>καίτοι</em></span> <span class='ocrx_word' id='word_1_189' title='bbox 331 2891 364 2956; x_wconf 86' lang='grc' dir='ltr'><em>τί</em></span> <span class='ocrx_word' id='word_1_190' title='bbox 377 2889 484 2956; x_wconf 79' lang='grc' dir='ltr'><em>πλέον</em></span> <span class='ocrx_word' id='word_1_191' title='bbox 499 2893 662 2955; x_wconf 75' lang='grc' dir='ltr'><em>πλουτεῖν</em></span> <span class='ocrx_word' id='word_1_192' title='bbox 677 2887 767 2955; x_wconf 75' lang='grc' dir='ltr'><em>ἔσται</em></span> <span class='ocrx_word' id='word_1_193' title='bbox 782 2884 1068 2954; x_wconf 77' lang='grc' dir='ltr'><em>τούτωνπάντοιν</em></span> <span class='ocrx_word' id='word_1_194' title='bbox 1080 2879 1316 2974; x_wconf 76' lang='grc' dir='ltr'>ἀποροῦντας,Ι</span> 
     </span>
     <span class='ocr_line' id='line_1_27' title="bbox 193 2991 1316 3076; baseline -0.003 -18"><span class='ocrx_word' id='word_1_195' title='bbox 193 2994 284 3058; x_wconf 88' lang='lat' dir='ltr'>Haeo</span> <span class='ocrx_word' id='word_1_196' title='bbox 322 2993 479 3076; x_wconf 87' lang='lat' dir='ltr'>seriptura</span> <span class='ocrx_word' id='word_1_197' title='bbox 511 2993 659 3076; x_wconf 83' lang='lat' dir='ltr'>vulgata,</span> <span class='ocrx_word' id='word_1_198' title='bbox 697 3012 793 3074; x_wconf 91' lang='lat' dir='ltr'>quam</span> <span class='ocrx_word' id='word_1_199' title='bbox 825 2992 922 3056; x_wconf 88' lang='lat' dir='ltr'>etiam</span> <span class='ocrx_word' id='word_1_200' title='bbox 961 2991 1086 3057; x_wconf 88' lang='lat' dir='ltr'>oodiees</span> <span class='ocrx_word' id='word_1_201' title='bbox 1114 2991 1257 3056; x_wconf 87' lang='lat' dir='ltr'>Venetus</span> <span class='ocrx_word' id='word_1_202' title='bbox 1286 2998 1316 3057; x_wconf 91' lang='lat' dir='ltr'>et</span> 
     </span>
     <span class='ocr_line' id='line_1_28' title="bbox 163 3084 1317 3178; baseline 0.001 -22"><span class='ocrx_word' id='word_1_203' title='bbox 163 3095 358 3160; x_wconf 67' lang='lat' dir='ltr'>‚Parisinus</span> <span class='ocrx_word' id='word_1_204' title='bbox 381 3098 408 3159; x_wconf 83' lang='lat' dir='ltr'>A</span> <span class='ocrx_word' id='word_1_205' title='bbox 432 3094 590 3172; x_wconf 86' lang='lat' dir='ltr'>exhibent,</span> <span class='ocrx_word' id='word_1_206' title='bbox 620 3101 704 3159; x_wconf 90' lang='lat' dir='ltr'>oerte</span> <span class='ocrx_word' id='word_1_207' title='bbox 727 3093 879 3176; x_wconf 82' lang='lat' dir='ltr'>singulari</span> <span class='ocrx_word' id='word_1_208' title='bbox 904 3084 1101 3178; x_wconf 73' lang='grc' dir='ltr'><em>ἀποροῦντα</em></span> <span class='ocrx_word' id='word_1_209' title='bbox 1124 3093 1234 3159; x_wconf 81' lang='lat' dir='ltr'>codiee</span> <span class='ocrx_word' id='word_1_210' title='bbox 1256 3095 1317 3158; x_wconf 89' lang='lat' dir='ltr'>Ra·</span> 
     </span>
     <span class='ocr_line' id='line_1_29' title="bbox 195 3194 1142 3282; baseline -0.005 -19"><span class='ocrx_word' id='word_1_211' title='bbox 195 3205 334 3263; x_wconf 88' lang='lat' dir='ltr'>vennate</span> <span class='ocrx_word' id='word_1_212' title='bbox 357 3196 402 3280; x_wconf 86' lang='lat' dir='ltr'>(et</span> <span class='ocrx_word' id='word_1_213' title='bbox 424 3197 657 3282; x_wconf 87' lang='lat' dir='ltr'>Arundeliano)</span> <span class='ocrx_word' id='word_1_214' title='bbox 680 3196 798 3261; x_wconf 92' lang='lat' dir='ltr'>tradito</span> <span class='ocrx_word' id='word_1_215' title='bbox 820 3196 1030 3281; x_wconf 80' lang='lat' dir='ltr'>praeferenda</span> <span class='ocrx_word' id='word_1_216' title='bbox 1052 3194 1142 3278; x_wconf 65' lang='lat' dir='ltr'>estl)</span> 
     </span>
    </p>

    <p class='ocr_par' dir='ltr' id='par_1_6' title="bbox 192 3297 1316 3894">
     <span class='ocr_line' id='line_1_30' title="bbox 279 3297 1316 3385; baseline -0.004 -19"><span class='ocrx_word' id='word_1_217' title='bbox 279 3301 352 3385; x_wconf 84' lang='lat' dir='ltr'>Lys.</span> <span class='ocrx_word' id='word_1_218' title='bbox 369 3305 427 3363; x_wconf 81' lang='lat'>401</span> <span class='ocrx_word' id='word_1_219' title='bbox 448 3320 494 3382; x_wconf 89' lang='lat' dir='ltr'>sq.</span> <span class='ocrx_word' id='word_1_220' title='bbox 516 3299 631 3364; x_wconf 88' lang='lat' dir='ltr'>oborus</span> <span class='ocrx_word' id='word_1_221' title='bbox 655 3320 765 3364; x_wconf 90' lang='lat' dir='ltr'>senum</span> <span class='ocrx_word' id='word_1_222' title='bbox 782 3299 985 3364; x_wconf 88' lang='lat' dir='ltr'>insolentiam</span> <span class='ocrx_word' id='word_1_223' title='bbox 1002 3297 1169 3363; x_wconf 91' lang='lat' dir='ltr'>mulierum</span> <span class='ocrx_word' id='word_1_224' title='bbox 1185 3305 1316 3381; x_wconf 90' lang='lat' dir='ltr'>questus</span> 
     </span>
     <span class='ocr_line' id='line_1_31' title="bbox 192 3389 1315 3487; baseline -0.001 -20"><span class='ocrx_word' id='word_1_225' title='bbox 192 3403 324 3487; x_wconf 91' lang='lat' dir='ltr'>probulo</span> <span class='ocrx_word' id='word_1_226' title='bbox 355 3402 444 3467; x_wconf 89' lang='lat' dir='ltr'>dioit:</span> <span class='ocrx_word' id='word_1_227' title='bbox 477 3398 620 3466; x_wconf 73' lang='grc' dir='ltr'><em>ἔλουσαν</em></span> <span class='ocrx_word' id='word_1_228' title='bbox 652 3389 737 3487; x_wconf 69' lang='grc' dir='ltr'><strong><em>ἡμᾶς</em></strong></span> <span class='ocrx_word' id='word_1_229' title='bbox 765 3391 850 3466; x_wconf 78' lang='grc' dir='ltr'><em>ὥστε</em></span> <span class='ocrx_word' id='word_1_230' title='bbox 882 3399 1077 3484; x_wconf 83' lang='grc' dir='ltr'><em>θαίματίδια</em></span> <span class='ocrx_word' id='word_1_231' title='bbox 1104 3400 1108 3484; x_wconf 96' lang='grc' dir='ltr'>Ι</span> <span class='ocrx_word' id='word_1_232' title='bbox 1132 3402 1233 3465; x_wconf 80' lang='grc' dir='ltr'><em>σείειν</em></span> <span class='ocrx_word' id='word_1_233' title='bbox 1255 3397 1315 3466; x_wconf 85' lang='grc' dir='ltr'>πά-</span> 
     </span>
     <span class='ocr_line' id='line_1_32' title="bbox 193 3496 1315 3589; baseline -0.004 -19"><span class='ocrx_word' id='word_1_234' title='bbox 193 3522 305 3589; x_wconf 86' lang='grc' dir='ltr'><em>ρεστιν</em></span> <span class='ocrx_word' id='word_1_235' title='bbox 326 3497 436 3588; x_wconf 81' lang='grc' dir='ltr'><em>ὥσπερ</em></span> <span class='ocrx_word' id='word_1_236' title='bbox 460 3496 715 3589; x_wconf 78' lang='grc' dir='ltr'><em>ἐνεουρηκότας,</em></span> <span class='ocrx_word' id='word_1_237' title='bbox 742 3503 785 3566; x_wconf 93' lang='lat' dir='ltr'>ad</span> <span class='ocrx_word' id='word_1_238' title='bbox 809 3524 888 3584; x_wconf 85' lang='lat' dir='ltr'>quos</span> <span class='ocrx_word' id='word_1_239' title='bbox 911 3522 1022 3567; x_wconf 87' lang='lat' dir='ltr'>versus</span> <span class='ocrx_word' id='word_1_240' title='bbox 1044 3502 1241 3586; x_wconf 86' lang='lat' dir='ltr'>Blaydesius</span> <span class='ocrx_word' id='word_1_241' title='bbox 1262 3523 1315 3568; x_wconf 92' lang='lat' dir='ltr'>an·</span> 
     </span>
     <span class='ocr_line' id='line_1_33' title="bbox 192 3599 1315 3691; baseline -0.003 -20"><span class='ocrx_word' id='word_1_242' title='bbox 192 3613 296 3672; x_wconf 89' lang='lat' dir='ltr'>notat:</span> <span class='ocrx_word' id='word_1_243' title='bbox 318 3607 474 3691; x_wconf 89' lang='lat' dir='ltr'>postulari</span> <span class='ocrx_word' id='word_1_244' title='bbox 498 3606 624 3670; x_wconf 90' lang='lat' dir='ltr'>videtur</span> <span class='ocrx_word' id='word_1_245' title='bbox 646 3601 870 3690; x_wconf 79' lang='grc' dir='ltr'><em>ἐνεουρηκόσι,</em></span> <span class='ocrx_word' id='word_1_246' title='bbox 895 3624 971 3668; x_wconf 90' lang='lat' dir='ltr'>nam</span> <span class='ocrx_word' id='word_1_247' title='bbox 994 3612 1066 3688; x_wconf 90' lang='lat' dir='ltr'>post</span> <span class='ocrx_word' id='word_1_248' title='bbox 1087 3599 1249 3688; x_wconf 83' lang='grc' dir='ltr'><em>πάρεστιν</em></span> <span class='ocrx_word' id='word_1_249' title='bbox 1270 3605 1315 3668; x_wconf 94' lang='lat' dir='ltr'>in·</span> 
     </span>
     <span class='ocr_line' id='line_1_34' title="bbox 193 3697 1314 3793; baseline -0.003 -22"><span class='ocrx_word' id='word_1_250' title='bbox 193 3708 406 3791; x_wconf 86' lang='lat' dir='ltr'>tellegendum</span> <span class='ocrx_word' id='word_1_251' title='bbox 429 3697 520 3793; x_wconf 79' lang='grc' dir='ltr'><em>ἦμῑν,</em></span> <span class='ocrx_word' id='word_1_252' title='bbox 550 3717 585 3771; x_wconf 89' lang='lat' dir='ltr'>ut</span> <span class='ocrx_word' id='word_1_253' title='bbox 612 3708 645 3770; x_wconf 91' lang='lat' dir='ltr'>in</span> <span class='ocrx_word' id='word_1_254' title='bbox 675 3707 753 3771; x_wconf 90' lang='lat' dir='ltr'>Rau.</span> <span class='ocrx_word' id='word_1_255' title='bbox 778 3710 848 3772; x_wconf 87' lang='lat'><strong>303.</strong></span> <span class='ocrx_word' id='word_1_256' title='bbox 893 3705 958 3771; x_wconf 89' lang='lat' dir='ltr'>Sed</span> <span class='ocrx_word' id='word_1_257' title='bbox 980 3725 1048 3769; x_wconf 90' lang='lat' dir='ltr'>eunr</span> <span class='ocrx_word' id='word_1_258' title='bbox 1073 3713 1146 3790; x_wconf 90' lang='lat' dir='ltr'>post</span> <span class='ocrx_word' id='word_1_259' title='bbox 1168 3702 1314 3790; x_wconf 84' lang='grc' dir='ltr'><em>πάρεστι,</em></span> 
     </span>
     <span class='ocr_line' id='line_1_35' title="bbox 193 3807 1314 3894; baseline -0.003 -18"><span class='ocrx_word' id='word_1_260' title='bbox 193 3808 298 3894; x_wconf 71' lang='grc' dir='ltr'><em>ἔξεστι</em></span> <span class='ocrx_word' id='word_1_261' title='bbox 328 3811 422 3875; x_wconf 89' lang='lat' dir='ltr'>simil.</span> <span class='ocrx_word' id='word_1_262' title='bbox 453 3812 551 3876; x_wconf 90' lang='lat' dir='ltr'>etiam</span> <span class='ocrx_word' id='word_1_263' title='bbox 581 3809 786 3875; x_wconf 80' lang='lat' dir='ltr'>aecusativus</span> <span class='ocrx_word' id='word_1_264' title='bbox 817 3828 889 3873; x_wconf 91' lang='lat' dir='ltr'>oum</span> <span class='ocrx_word' id='word_1_265' title='bbox 919 3807 1075 3872; x_wconf 85' lang='lat' dir='ltr'>infinitivo</span> <span class='ocrx_word' id='word_1_266' title='bbox 1106 3809 1138 3872; x_wconf 92' lang='lat' dir='ltr'>in</span> <span class='ocrx_word' id='word_1_267' title='bbox 1169 3828 1230 3872; x_wconf 89' lang='lat' dir='ltr'>usu</span> <span class='ocrx_word' id='word_1_268' title='bbox 1259 3814 1314 3889; x_wconf 84' lang='lat' dir='ltr'>est,</span> 
     </span>
    </p>
   </div>
   <div class='ocr_carea' id='block_1_3' title="bbox 193 3975 1313 4301">
    <p class='ocr_par' dir='ltr' id='par_1_7' title="bbox 193 3975 1313 4131">
     <span class='ocr_line' id='line_1_36' title="bbox 281 3975 1313 4046; baseline -0.005 -12"><span class='ocrx_word' id='word_1_269' title='bbox 281 3983 300 4046; x_wconf 87' lang='lat'>¹)</span> <span class='ocrx_word' id='word_1_270' title='bbox 318 3979 354 4035; x_wconf 72' lang='grc' dir='ltr'>οδ.</span> <span class='ocrx_word' id='word_1_271' title='bbox 388 3979 469 4033; x_wconf 86' lang='lat' dir='ltr'>etiam</span> <span class='ocrx_word' id='word_1_272' title='bbox 496 3977 613 4032; x_wconf 86' lang='lat' dir='ltr'>Haaekii</span> <span class='ocrx_word' id='word_1_273' title='bbox 640 3982 735 4031; x_wconf 88' lang='lat' dir='ltr'>annot.</span> <span class='ocrx_word' id='word_1_274' title='bbox 768 3976 803 4031; x_wconf 88' lang='lat' dir='ltr'>ad</span> <span class='ocrx_word' id='word_1_275' title='bbox 831 3977 961 4032; x_wconf 84' lang='lat' dir='ltr'>Tbuo.V</span> <span class='ocrx_word' id='word_1_276' title='bbox 986 3979 1017 4030; x_wconf 78' lang='lat' dir='ltr'>te</span> <span class='ocrx_word' id='word_1_277' title='bbox 1044 3975 1104 4031; x_wconf 89' lang='lat' dir='ltr'>init.</span> <span class='ocrx_word' id='word_1_278' title='bbox 1132 3981 1161 4031; x_wconf 89' lang='lat' dir='ltr'>et</span> <span class='ocrx_word' id='word_1_279' title='bbox 1187 3975 1313 4045; x_wconf 89' lang='lat' dir='ltr'>Xenoph.</span> 
     </span>
     <span class='ocr_line' id='line_1_37' title="bbox 193 4062 518 4131; baseline 0 -13"><span class='ocrx_word' id='word_1_280' title='bbox 193 4062 286 4120; x_wconf 88' lang='lat' dir='ltr'>Anab.</span> <span class='ocrx_word' id='word_1_281' title='bbox 304 4069 328 4131; x_wconf 78' lang='lat'>2,</span> <span class='ocrx_word' id='word_1_282' title='bbox 343 4070 365 4130; x_wconf 86' lang='lat'>1,</span> <span class='ocrx_word' id='word_1_283' title='bbox 379 4069 402 4118; x_wconf 86' lang='lat'>2.</span> <span class='ocrx_word' id='word_1_284' title='bbox 512 4064 518 4077; x_wconf 84' lang='lat'><strong>‘</strong></span> 
     </span>
    </p>

    <p class='ocr_par' dir='ltr' id='par_1_8' title="bbox 193 4146 1312 4301">
     <span class='ocr_line' id='line_1_38' title="bbox 281 4146 1312 4218; baseline -0.005 -14"><span class='ocrx_word' id='word_1_285' title='bbox 281 4153 303 4216; x_wconf 65' lang='grc'>2)</span> <span class='ocrx_word' id='word_1_286' title='bbox 321 4148 356 4204; x_wconf 86' lang='lat' dir='ltr'>et&#39;.</span> <span class='ocrx_word' id='word_1_287' title='bbox 375 4147 499 4203; x_wconf 86' lang='lat' dir='ltr'>Ktihner.</span> <span class='ocrx_word' id='word_1_288' title='bbox 517 4153 595 4216; x_wconf 75' lang='lat'>§475</span> <span class='ocrx_word' id='word_1_289' title='bbox 614 4163 677 4201; x_wconf 90' lang='lat' dir='ltr'>ann.</span> <span class='ocrx_word' id='word_1_290' title='bbox 695 4151 709 4201; x_wconf 80' lang='lat'><strong>2</strong></span> <span class='ocrx_word' id='word_1_291' title='bbox 729 4155 757 4202; x_wconf 87' lang='lat' dir='ltr'>et</span> <span class='ocrx_word' id='word_1_292' title='bbox 775 4148 933 4218; x_wconf 88' lang='lat' dir='ltr'>Kappeyne</span> <span class='ocrx_word' id='word_1_293' title='bbox 959 4163 1013 4202; x_wconf 90' lang='lat' dir='ltr'>vau</span> <span class='ocrx_word' id='word_1_294' title='bbox 1038 4147 1073 4202; x_wconf 90' lang='lat' dir='ltr'>de</span> <span class='ocrx_word' id='word_1_295' title='bbox 1098 4147 1247 4215; x_wconf 84' lang='lat' dir='ltr'>Coppelle,</span> <span class='ocrx_word' id='word_1_296' title='bbox 1269 4146 1312 4200; x_wconf 85' lang='lat' dir='ltr'>eui</span> 
     </span>
     <span class='ocr_line' id='line_1_39' title="bbox 193 4233 1203 4301; baseline -0.003 -14"><span class='ocrx_word' id='word_1_297' title='bbox 193 4235 371 4289; x_wconf 76' lang='lat' dir='ltr'>aecusativus</span> <span class='ocrx_word' id='word_1_298' title='bbox 389 4235 565 4288; x_wconf 81' lang='lat' dir='ltr'>necessarius</span> <span class='ocrx_word' id='word_1_299' title='bbox 583 4233 703 4299; x_wconf 84' lang='lat' dir='ltr'>videtur,</span> <span class='ocrx_word' id='word_1_300' title='bbox 723 4233 804 4301; x_wconf 84' lang='lat' dir='ltr'>„quia</span> <span class='ocrx_word' id='word_1_301' title='bbox 822 4243 865 4287; x_wconf 90' lang='lat' dir='ltr'>est</span> <span class='ocrx_word' id='word_1_302' title='bbox 883 4234 1021 4287; x_wconf 85' lang='lat' dir='ltr'>sententia</span> <span class='ocrx_word' id='word_1_303' title='bbox 1039 4233 1203 4299; x_wconf 82' lang='lat' dir='ltr'>gener·alis“.</span> 
     </span>
    </p>
   </div>
   <div class='ocr_carea' id='block_1_4' title="bbox 0 0 1481 4898">
    <p class='ocr_par' dir='ltr' id='par_1_9' title="bbox 0 0 1481 4898">
     <span class='ocr_line' id='line_1_40' title="bbox 0 0 1481 4898; baseline 0 0"><span class='ocrx_word' id='word_1_304' title='bbox 0 0 1481 4898; x_wconf 95' lang='lat' dir='ltr'> </span> 
     </span>
    </p>
   </div>
  </div>
 </body>
</html>
