2940 4898
294 296 338 356 30

289 501 330 546 ex
347 479 617 547 annotationibus
629 481 876 548 Maetuneriad.
896 481 1038 564 Lycurg.
1056 499 1087 561 p.
1109 487 1179 552 179,
1202 476 1353 543 Abicbtii
1376 477 1417 541 ad

288 594 447 660 Herodot.
472 596 488 660 Ι
515 604 586 679 1115,
610 607 627 661 6
653 600 753 660 etex
776 596 947 678 exemplis,
977 614 1060 676 quae
1092 593 1261 661 Storohius
1293 593 1329 658 in
1352 592 1415 658 dis·

287 709 468 775 sertatione
492 711 532 776 de
556 710 690 795 syntaxi
705 710 915 776 Pausaniana
931 710 1055 792 scripta
1067 710 1212 793 collegit,
1237 708 1415 791 praecipue

287 825 384 890 Plato
412 826 558 892 admisit:
583 826 650 893 vid.
679 825 891 907 Engelhardt
912 826 934 890 l.
959 846 986 891 c.
1017 845 1104 907 spec.
1128 826 1181 890 ΠΙ
1204 843 1302 906 pagg.
1329 832 1415 888 6-8

288 940 454 1006 Heindorf
474 941 517 1006 ad
539 941 663 1007 Phaed.
689 949 741 1006 62.
766 940 807 1023 d.‚
833 940 1026 1007 Stallbaum.
1051 941 1093 1006 ad
1115 939 1187 1005 Civ.
1213 939 1310 1004 38911.

376 1082 487 1163 Atque
510 1082 545 1146 in
567 1081 679 1147 multis
703 1100 816 1147 eorum
840 1099 923 1162 quae
947 1101 989 1147 ex
1012 1082 1235 1162 Aristophane
1252 1079 1416 1146 allaturus

287 1215 356 1261 sum
388 1196 547 1278 exemplis
572 1201 680 1279 poeta,
715 1196 809 1277 quasi
832 1196 1050 1262 multitudinis
1074 1195 1349 1278 significationem
1382 1202 1418 1261 ut

286 1312 392 1377 minus
416 1311 584 1378 definitam
607 1311 717 1394 fugiat
739 1318 774 1379 et
797 1311 1066 1393 quamcitissime
1089 1312 1132 1377 ad
1146 1311 1243 1376 unius
1267 1311 1318 1400 rei
1342 1331 1417 1393 per·

288 1429 498 1510 spicuitatem
521 1429 631 1495 redire
654 1429 795 1512 studeat,
821 1434 1019 1493 structuram
1047 1429 1088 1493 ad
1119 1447 1187 1493 rem
1211 1428 1418 1509 singularem

287 1565 304 1609 e
331 1544 452 1625 plurali
467 1544 684 1611 antecedente
701 1551 885 1626 exemptam
902 1545 1162 1611 accommodasse
1178 1543 1258 1608 mihi
1269 1544 1418 1610 videtur.

286 1659 452 1725 Nonnulla
475 1658 518 1724 ad
541 1659 624 1725 alias
648 1678 763 1726 111313
787 1662 973 1727 revocanda
996 1667 1089 1744 sunt,
1116 1679 1196 1741 quuas
1220 1679 1278 1725 suo
1304 1679 1419 1742 quam·

288 1794 349 1856 que
374 1776 444 1840 loeo
469 1776 738 1840 commemorabo
786 1774 910 1856 Quibus
941 1776 1131 1859 praemissis
1165 1775 1317 1857 exempla
1341 1777 1418 1858 ipsa

287 1890 466 1973 rideamne,
492 1909 575 1972 quae
598 1892 660 1957 hoe
682 1891 776 1957 modo
800 1891 976 1974 disponere
999 1891 1116 1973 liceat,
1146 1897 1184 1955 ut
1207 1890 1318 1973 priore
1342 1891 1415 1956 loco

287 2027 326 2071 ea
348 2011 537 2091 tractemus
570 2008 603 2073 in
635 2009 752 2089 quibus
781 2008 809 2074 is
838 2009 895 2090 qui
921 2009 1067 2090 loquitur
1097 2007 1204 2089 prima
1233 2007 1289 2072 vel
1312 2008 1416 2073 tertia

287 2135 429 2203 persona
452 2122 573 2205 utitur,
605 2124 762 2206 seeundo,
796 2144 866 2189 oum
898 2143 974 2190 suas
1002 2100 1147 2189 habeant
1178 2122 1412 2207 proprietates

287 2255 327 2300 ea
351 2236 467 2317 quibus
491 2237 638 2302 homines
661 2237 907 2318 compellantur.

375 2380 423 2445 Ia.
448 2380 541 2444 Inter
564 2397 621 2444 eos
643 2379 749 2461 locos,
781 2379 815 2444 in
839 2380 956 2461 quibus
983 2379 1131 2445 homines
1155 2381 1195 2445 de
1219 2399 1255 2446 se
1278 2381 1343 2462 ipsi
1366 2382 1411 2447 lo-

287 2498 445 2576 quuntur,
485 2513 569 2560 unus
611 2496 659 2561 ita
693 2493 914 2560 conformatus
946 2498 1006 2576 est,
1043 2498 1081 2558 ut
1113 2497 1250 2561 verbum
1285 2496 1411 2563 finitum

287 2607 414 2688 plurale
446 2609 626 2692 singularis
650 2630 804 2677 numerus
828 2609 995 2694 participii
1019 2614 1193 2689 sequatur:
1224 2613 1354 2678 l‘besm.
1380 2633 1411 2679 u.

290 2731 350 2788 789
384 2742 431 2804 sq.
465 2723 591 2791 Chorus
627 2726 799 2791 mulierum
833 2729 876 2793 ab
900 2723 1095 2808 opprobriis
1133 2725 1250 2806 quibus
1280 2748 1300 2794 a
1331 2729 1414 2795 viris

288 2840 477 2925 obruantur,
503 2860 538 2907 se
563 2842 741 2909 defendere
765 2845 903 2907 conatur
926 2840 1055 2907 verbis:
1089 2840 1119 2905 ai
1139 2836 1234 2903 κακόν
1257 2837 1360 2922 ἐσμεν,
1383 2846 1416 2905 τί

288 2955 415 3033 γαμεῖθ’
438 2948 519 3041 ἡμᾶς
532 3005 579 3020 ...
603 2959 607 3035 Ι
626 2951 862 3040 κάπαγορεύετε
882 2950 956 3038 μήτ’
979 2952 1124 3028 ἐξελθεῖν
1138 2954 1211 3041 μήτ’
1229 2952 1414 3039 ἐκκύψασαν

288 3057 495 3148 (1113111111
520 3070 697 3136 secundum
720 3068 829 3151 legem
860 3068 1107 3150 grammaticam
1132 3064 1413 3152 ἐκκι11γάσας3α11-

286 3183 428 3249 bendum
450 3182 523 3250 fuit.

377 3324 545 3391 Annot.:
570 3325 660 3392 Ecol.
691 3332 848 3406 v.1002,
880 3324 938 3390 ubi
967 3328 1114 3394 vetulam
1144 3331 1298 3398 deridens
1333 3332 1413 3398 dicit

288 3437 435 3504 iuvenis:
460 3445 494 3504 τί
515 3443 594 3525 δῆτα
615 3435 765 3526 κρεάγρας
788 3446 853 3511 τοῖς
872 3436 978 3516 κάδοις
997 3435 1150 3527 ὤνοίμεθ
1173 3439 1220 3528 ἄν,
1244 3443 1249 3529 Ι
1269 3443 1340 3522 ἐξὸν
1360 3471 1410 3511 κα-

288 3559 390 3619 θέντα
409 3547 535 3638 γρᾴδιαν
555 3553 715 3617 τοιουτονὶ
735 3549 739 3636 l
759 3550 792 3616 ἐκ
813 3556 876 3618 τῶν
897 3550 1044 3641 φρεάτων
1057 3553 1132 3631 τοὺς
1141 3553 1256 3634 κάδους
1279 3561 1411 3641 ξυλλαμ-

289 3659 405 3750 βάνειν,
438 3666 502 3731 huc
534 3684 601 3730 non
640 3665 803 3748 pertinet,
843 3686 913 3732 cum
945 3670 1151 3736 enuntiatum
1184 3673 1411 3739 secundarium

289 3779 464 3862 participio
489 3774 559 3854 ἐξόν
583 3778 769 3846 incohatum
798 3782 989 3863 generalem
1019 3785 1218 3851 sententiam
1248 3787 1411 3870 exprimat

289 3913 395 3975 neque
419 3895 462 3960 ad
489 3894 651 3976 pluralem
682 3899 809 3977 spectet
831 3898 1094 3982 antecedentem,
1127 3900 1242 3965 sedin
1266 3921 1302 3968 se
1325 3903 1410 3984 posi-

288 4014 357 4076 tum
379 4008 463 4091 sitb.

363 4305 385 4370 ¹)
404 4307 436 4358 dc
453 4307 504 4357 boc
521 4304 579 4358 loco
597 4305 647 4356 vid.
666 4304 736 4356 inira
752 4322 812 4372 pag.
881 4322 919 4371 sq.
