2940 4898
171 260 213 320 34

169 441 336 511 sententia
359 441 464 509 artius
476 441 669 509 coniunctae
692 450 778 526 sunt,
804 462 900 524 quam
925 461 1007 523 quas
1030 461 1119 507 novo
1141 441 1288 523 subieoto,

170 576 274 638 eoque
296 556 435 641 infinito,
460 558 554 625 illato
579 559 769 643 disiungere
794 559 902 624 lioeat.

259 674 368 753 Atque
385 673 486 739 etiam
500 673 536 738 in
546 673 597 739 his
615 693 697 755 quos
709 675 774 739 iam
794 671 960 755 proferam
972 672 1053 737 loois
1069 672 1293 739 anacolutnia

170 787 277 869 magis
307 805 402 867 quam
435 786 569 869 ellipses
601 789 710 856 inesse
742 791 944 872 putaverim:
978 786 1067 852 Eool.
1101 806 1132 851 v.
1165 795 1230 853 608
1252 805 1294 867 sq.

169 903 348 984 Postquam
399 902 596 983 Praxagora
653 905 817 987 hominm,
875 905 996 987 quippe
1043 901 1100 983 qui
1152 901 1297 967 omnibns

168 1020 267 1084 rebus
296 1017 509 1084 communiter
537 1019 628 1083 usuri
667 1026 788 1102 essent,
824 1021 889 1085 iam
924 1037 990 1084 non
1022 1037 1095 1083 esse
1129 1016 1298 1081 iuraturos

168 1133 346 1217 contendit,
370 1140 487 1201 oontra
511 1134 699 1215 interrogat
721 1136 901 1218 Blepyrus:
927 1126 1043 1196 οὐκοῦν
1059 1134 1112 1195 καὶ
1136 1135 1201 1194 νῦν
1216 1115 1299 1194 οὗτοι

167 1247 288 1327 μᾶλλον
297 1248 465 1313 κλίπτονσ
479 1237 526 1321 οἷς
539 1250 641 1311 ταῦτα
656 1244 804 1334 πύρεσι·ι;
823 1258 857 1316 et
868 1256 946 1334 tum,
964 1251 1020 1315 nbi
1038 1250 1097 1315 illa
1110 1247 1299 1331 respondit:

169 1355 328 1448 πρότερον
340 1352 490 1448 γ’,ὦταιρ’,
502 1359 550 1428 ὅτι
565 1372 647 1428 τοῖσι
661 1359 770 1445 νόμοις
785 1360 985 1449 διεχρώμεθα
1000 1373 1067 1437 τοῖς
1077 1369 1301 1448 ττροτέροισινωΙ

167 1475 226 1536 νῦν
248 1471 363 1538 δ’ἔσται
391 1471 448 1562 γὰρ
478 1479 545 1559 βίος
574 1472 608 1539 ἐκ
629 1479 750 1556 κοινοῦ,
779 1480 810 1539 τί
838 1472 874 1539 τὸ
905 1479 1012 1560 κίρδος
1033 1470 1078 1560 μὴ
1100 1479 1303 1549 καταθεῖναι,

169 1586 297 1668 pergit:
323 1577 362 1649 δν
383 1587 506 1673 μείρακ’
529 1581 605 1651 ίδών
628 1583 814 1674 ἐπιθομηση
836 1590 888 1651 καὶ
902 1582 1055 1673 βούληται
1071 1586 1301 1671 σκαλαθῦραιί

168 1696 231 1773 ἕξει
252 1695 375 1764 τούτων
398 1695 526 1783 ἀφελὼν
549 1704 670 1765 δοῦναι.
715 1704 779 1769 Hie
801 1704 987 1786 singularia
1010 1696 1086 1765 ἰδὼν
1107 1697 1299 1788 ἐπιθομήση

166 1817 219 1889 καὶ
239 1812 392 1902 βούληται
413 1819 469 1886 vel
492 1820 533 1885 ad
557 1802 646 1880 οὗτοι
668 1824 820 1901 spectare
845 1819 900 1884 vel
923 1819 966 1883 ad
989 1836 1172 1900 pronomen
1190 1812 1301 1890 αὐτοῖς

167 1932 223 1998 vel
235 1927 321 2019 αὐτῷ
333 1938 409 2015 post
420 1938 527 2020 κέρδος
539 1934 755 2018 supplendum
771 1932 948 2000 referenda
961 1952 1033 1998 esse
1047 1937 1198 1999 statuere
1211 1932 1299 1998 lieet.

256 2047 469 2130 Perspicuum
493 2050 676 2132 exemplum
700 2050 796 2131 paulo
820 2048 909 2115 infra
930 2048 1079 2129 sequitur
1101 2067 1133 2113 v.
1161 2055 1227 2113 615
1251 2067 1299 2129 sq.

172 2166 306 2227 BAEA:
328 2165 397 2235 πῶς
418 2151 476 2225 ούν
498 2156 536 2225 ού
560 2159 679 2236 πάντες
701 2162 784 2227 ἴασιν
804 2167 808 2238 Ι
828 2161 882 2226 aa?
900 2158 958 2249 την
974 2156 1173 2248 ὡραιοτάτην·
1193 2157 1300 2248 αύτῷν

168 2274 222 2336 καὶ
244 2266 426 2358 ζητήσουσιν
454 2269 600 2358 ἕρείδειν;
630 2272 746 2342 [Irni
777 2263 813 2337 αί
834 2269 1029 2358 φαυλότεραι
1064 2275 1116 2337 καὶ
1137 2269 1302 2360 σιμότεραι

175 2381 264 2471 παρὰ
292 2378 348 2456 τὰς
377 2379 492 2465 σεμνὰς
517 2386 739 2447 καθεδοῦνται.
767 2389 770 2457 l
794 2373 861 2469 κᾷτ’
889 2376 927 2469 ἢν
956 2380 1073 2470 ταύτης
1103 2380 1300 2475 ε’ττιθνμήση,

174 2491 233 2581 τὴν
255 2490 506 2581 αἰσχρὰνπρῶθ
529 2490 736 2581 ὑποκρούσει,
768 2494 824 2560 ubi
855 2501 890 2561 et
919 2514 1098 2576 pronomen
1130 2497 1301 2579 singulare

173 2612 290 2703 ταύτης
312 2615 355 2681 ad
385 2613 551 2679 adieetiva
581 2611 725 2695 pluralia
754 2615 899 2693 spectat,
933 2615 968 2675 et
990 2613 1094 2677 verba
1117 2613 1303 2695 singularia

175 2728 285 2809 posita
301 2735 388 2813 sunt,
406 2733 573 2811 tamquam
586 2730 615 2796 si
631 2731 695 2800 πᾶς
714 2749 762 2799 τις
778 2725 991 2790 antecederet
1006 2726 1061 2790 vel
1078 2727 1168 2793 aliud
1183 2748 1303 2796 nomen

174 2844 229 2909 vel
253 2864 433 2927 pronomen
456 2845 636 2927 singulare.

264 2955 465 3042 Quamquam
489 2961 532 3026 ad
554 2963 641 3026 huno
661 2959 767 3024 loonm
799 2955 1028 3039 explicandum
1051 2976 1233 3038 pronomen
1257 2987 1303 3036 τις

174 3073 329 3155 supplere
350 3075 492 3142 fortasse
509 3074 712 3158 probabilius
729 3076 790 3138 est.
830 3071 960 3136 Desunt
983 3074 1068 3138 enim
1092 3091 1198 3154 neque
1215 3077 1302 3157 apud

175 3187 258 3253 alios
282 3188 462 3272 scriptores
474 3191 493 3272 ¹)
517 3210 624 3272 neque
648 3189 734 3271 apud
758 3186 1016 3269 Aristophanem
1040 3188 1193 3269 exempla
1217 3209 1300 3271 quae

175 3301 240 3369 alio
275 3306 370 3371 modo
405 3304 622 3389 interpretari
656 3304 715 3370 vix
752 3303 923 3385 qnisquam
958 3303 1091 3384 poterit.
1138 3305 1301 3386 Equidem

174 3418 262 3499 apud
284 3418 542 3503 Aristophanem
557 3422 639 3487 haee
653 3418 786 3484 notavi:
812 3420 875 3485 Av.
893 3440 924 3486 v.
943 3428 1003 3485 561
1023 3437 1071 3499 sq.
1088 3418 1299 3486 Pithetaerus

175 3534 321 3620 exponit,
346 3540 506 3618 quomodo
530 3557 620 3619 aves
645 3537 726 3602 urbe
742 3537 776 3601 in
792 3541 869 3602 aire
885 3535 1026 3616 condita,
1045 3534 1123 3598 deos
1140 3534 1180 3599 de
1197 3554 1299 3617 regno

175 3650 304 3719 deicere
327 3658 363 3719 et
384 3653 477 3736 ipsae
492 3674 602 3722 rerum
617 3653 720 3736 potiri
735 3652 880 3737 possint:
906 3657 971 3721 τοῖς
987 3642 1202 3734 δ’δνθριίποις
1213 3644 1300 3735 ὄρνιν

174 3763 283 3854 ἕτερον
295 3773 427 3852 πέμψαι
439 3764 559 3855 κύρνκα
575 3765 702 3850 κελεύω,
722 3771 727 3846 Ι
747 3762 786 3842 ὡς
805 3762 944 3854 ὀρνίθιον
956 3759 1187 3848 βασιλευόντων
1206 3761 1300 3831 θύειν

177 3874 276 3966 ύρνισι
307 3876 344 3945 τὸ
374 3877 490 3947 λοιπὸν
510 3884 515 3962 Ι
535 3930 560 3946 ..
577 3883 627 3960 ..Ι
679 3872 718 3967 ἢν
753 3875 925 3966 Ἀφροδίτη
955 3872 1022 3964 θύη
1052 3871 1165 3964 γύρονς
1193 3873 1300 3965 ὄρνιθι

175 3991 324 4079 φαληρίδι
351 3988 458 4058 θύειν·
486 3985 525 4058 δν
554 3993 588 4060 δὲ
618 3995 796 4060 Ποσειδῶνί
815 4014 863 4064 τις
887 3983 937 4053 οἷν
958 3983 1024 4076 θύη
1059 3985 1155 4077 νύττη
1179 3985 1300 4076 πυροὺς

244 4187 266 4253 ¹)
283 4191 335 4241 vid.
354 4190 485 4242 Heindorf
500 4192 533 4242 ad
549 4192 616 4244 Plot.
633 4191 714 4255 Gorg.
735 4207 759 4255 p.
782 4195 838 4242 105.
856 4188 963 4252 Protog,
974 4203 999 4251 p.
1019 4192 1077 4238 499.
1098 4187 1189 4236 Zennii
1208 4194 1299 4235 annot·

175 4275 208 4326 ad
226 4275 286 4341 Vig.
304 4292 330 4341 p.
353 4281 400 4326 150
415 4277 525 4328 Kiihner
543 4276 619 4338 §³52
641 4294 667 4341 g.
