2940 4898
218 265 257 324 64

218 430 439 515 epanalepsis,
469 437 610 495 attamen
639 431 726 495 utilis
753 439 810 496 est.
854 432 967 514 Neque
989 440 1097 497 tamen
1120 432 1211 496 tales
1238 431 1365 496 desunt

217 532 295 614 looi,
331 532 363 596 in
398 533 514 616 quibus
548 533 737 598 brevissima
772 534 992 599 enuntiatione
1025 534 1199 600 interiecta
1238 553 1363 599 nomen

218 635 411 702 antecedens
433 636 621 720 pronomine
643 636 803 720 recipitur.
854 635 946 714 Quod
969 637 996 700 si
1019 637 1053 700 fit
1076 636 1125 700 vis
1150 636 1365 701 substantivi

218 737 406 824 pronomine
433 737 548 802 iterato
576 758 673 819 qnam
701 737 840 803 maxime
866 739 933 804 fieri
957 745 1062 822 potest
1085 743 1236 822 augetur.
1288 739 1366 804 Hno

218 842 282 906 duo
316 839 464 924 exempla
496 840 667 923 pertinent:
704 839 831 905 'l'hesm
854 845 912 903 149
932 861 978 923 sq.
1007 836 1069 926 χριΙ
1100 837 1166 924 γὰρ
1202 837 1367 928 ποιητὴν

220 935 327 1026 ἄνδρα
347 934 433 1026 πρὸς
448 934 490 1006 τὰ
505 938 665 1027 δράματα,
685 941 689 1028 Ι
709 934 728 1007 ἃ
745 942 795 1007 δεῖ
807 956 928 1024 ποιεῖν,
944 939 1029 1027 πρὸς
1051 946 1159 1008 ταῦτα
1176 940 1268 1020 τούς
1284 939 1368 1030 τρό-

218 1069 310 1122 ποος
333 1040 431 1128 ἔχειν
470 1044 597 1111 'l'hesm
613 1048 674 1107 570
697 1037 759 1109 τὸν
781 1042 929 1131 σήσαμον
951 1035 992 1110 ὃν
1013 1040 1201 1130 κατέφαγες
1226 1049 1368 1111 τοῦτον

217 1159 328 1232 χεσεῖν
350 1142 492 1231 ποιήσοι.
1094 1203 1098 1211 .

307 1251 451 1314 Annot.:
495 1251 566 1314 Duo
598 1248 659 1314 ioei
691 1270 741 1314 vv.
765 1251 822 1332 idq.
843 1255 899 1313 199
923 1257 954 1314 et
977 1251 1035 1314 dv.
1052 1251 1128 1333 985,
1167 1251 1201 1314 in
1237 1251 1367 1333 quibus

220 1352 427 1440 epanalepsis
464 1354 561 1416 totius
592 1352 822 1416 enuntiationis
851 1353 1017 1437 particulis
1048 1348 1126 1417 τότε
1159 1348 1202 1438 δή
1237 1354 1366 1418 effecta

220 1460 402 1539 usurpatur,
424 1461 553 1519 exstant
575 1455 608 1519 in
636 1455 788 1537 oraculis,
820 1454 990 1537 inquibus
1014 1454 1162 1530 Comious
1186 1457 1365 1539 epicorum

220 1557 346 1624 dieendi
370 1578 462 1621 usum
485 1577 542 1641 per
563 1559 668 1621 ionum
692 1557 850 1640 sequitur,
877 1558 915 1624 of.
930 1556 1116 1623 Iul.Wehr:
1139 1558 1366 1639 quaestiones

220 1659 486 1744 Aristophaneae,
509 1660 617 1744 parsI
640 1679 713 1741 pag.
729 1663 765 1721 61
785 1680 830 1741 sq.

306 1763 344 1828 In
367 1762 480 1846 paneis
502 1762 674 1848 exemplis,
705 1781 789 1844 qnae
812 1761 872 1827 hdo
895 1769 1056 1847 spectant,
1086 1783 1150 1827 non
1173 1783 1363 1846 pronomen

224 1856 337 1946 οὗτος,
368 1865 424 1930 sed
449 1855 549 1942 αὐτός
572 1865 614 1930 ad
637 1883 751 1930 nomen
774 1864 826 1930 rel
848 1884 1034 1949 pronomen,
1064 1864 1149 1947 quod
1178 1867 1364 1950 antecedit,

221 1969 368 2053 pertinet,
390 1974 548 2033 structura
572 1988 636 2033 non
659 1967 839 2050 flagitante3
866 1967 920 2049 qui
942 1987 1019 2032 usus
1041 1989 1061 2032 a
1084 1973 1199 2032 nostra
1222 1968 1362 2034 dioendi

221 2071 347 2137 ratione
376 2071 473 2155 plane
504 2076 552 2136 est
573 2071 711 2151 alienus,
742 2089 762 2132 a
785 2070 979 2134 Graecorum
1004 2075 1111 2134 autem
1134 2075 1167 2134 et
1191 2071 1362 2156 scriptori·

222 2176 281 2240 bus
304 2180 336 2238 et
358 2173 462 2258 poetis
485 2194 548 2238 non
571 2193 644 2238 raro
667 2172 846 2256 adhibetur,
868 2180 903 2236 ut
924 2191 965 2236 ex
987 2172 1067 2236 loeis
1081 2170 1250 2257 librorum,
1274 2194 1385 2256 quos

222 2274 478 2357 commemoravi,
500 2294 599 2360 supra
621 2274 730 2340 allatis
753 2274 834 2340 satis
857 2273 995 2359 elueet.¹)

286 2379 398 2445 ‚Haeo
427 2378 576 2463 exempla
606 2383 692 2443 sunt:
726 2377 799 2441 Pae.
819 2381 881 2441 635
902 2397 949 2458 sq.
980 2374 1012 2441 οἱ
1036 2375 1071 2441 δὲ
1087 2427 1118 2441 ..
1140 2375 1145 2462 Ι
1164 2373 1273 2463 τήνδε
1295 2381 1363 2464 μὲν

223 2485 349 2567 δικροῖς
373 2478 511 2546 ἐώθουν
532 2476 596 2566 τήν
619 2478 703 2546 θεὸν
724 2473 956 2565 κεκράγμασιν,
977 2479 980 2562 Ι
1001 2468 1164 2556 πολλάκις
1187 2495 1362 2562 φανεῖσαν

221 2577 380 2672 αὐτήν,
418 2583 471 2648 nbi
495 2575 603 2669 αὐτήν
632 2604 689 2668 pro
721 2583 908 2667 pronomine
941 2583 1074 2666 ipsam
1104 2583 1250 2666 positum
1285 2607 1362 2654 esse

221 2689 341 2771 nequit.

308 2789 431 2855 Similis
469 2789 556 2853 loeus
588 2795 636 2853 est
665 2790 745 2854 Rau.
769 2792 825 2852 761
853 2807 898 2869 sq.
936 2782 1036 2870 νόμος
1066 2809 1115 2862 τις
1146 2782 1271 2855 ἐνθάδ’
1288 2791 1363 2860 ἐστὶ

223 2893 375 2977 κείμενος
395 2891 398 2976 Ι
421 2943 426 2954 .
446 2943 474 2955 ..
497 2889 501 2977 Ι
521 2888 583 2957 τὸν
605 2883 740 2976 ἄριστον
770 2883 854 2955 ὄντα
885 2893 956 2954 τῶν
978 2885 1102 2953 ἑαυτοῦ
1125 2892 1330 2978 συντέχνων
1357 2897 1361 2982 Ι

226 2995 355 3081 σίτησιν
379 2985 511 3060 αὐτὸν
534 2994 571 3058 ἐν
594 2993 786 3079 πρυτανείῳ
808 2987 997 3076 λαμβάνειν.

311 3099 347 3161 ln
380 3102 514 3178 utroque
543 3097 611 3160 loeo
642 3097 833 3180 pronomina
863 3085 968 3181 αὐτὴν
998 3100 1028 3158 et
1051 3085 1159 3158 αὐτόν
1180 3097 1284 3180 plane
1308 3122 1363 3166 su-

224 3218 429 3284 pervacanea
453 3205 533 3264 sunt.

310 3302 370 3366 His
400 3301 555 3385 exemplis
585 3300 764 3365 eontrarius
796 3308 843 3365 est
874 3321 900 3363 v.
924 3301 982 3364 Ar.
998 3301 1059 3364 932
1089 3300 1187 3365 τουτὶ
1215 3301 1362 3390 παρέξει

223 3401 264 3471 τὸ
287 3400 395 3470 κακὸν
418 3391 496 3489 ἢμῐν
517 3401 707 3489 πράγματα,
728 3404 731 3488 Ι
751 3404 779 3468 εἰ
806 3399 849 3488 μιΙ
872 3426 904 3466 τι
927 3397 1040 3487 τούτῳ
1064 3397 1178 3480 δόντες
1202 3398 1361 3490 ἀποφευ·

227 3504 385 3592 ξούμεθα,
408 3506 462 3570 ubi
478 3508 654 3572 sententiae
670 3507 777 3591 aptius
793 3512 842 3570 est
859 3498 966 3590 adop,
988 3505 1050 3570 nisi
1066 3525 1136 3570 oum
1153 3506 1361 3595 Hamakero,

227 3609 397 3692 Meinekio,
421 3608 547 3673 Kookio
572 3601 602 3694 γ’
625 3600 717 3693 αὐτῷ
740 3608 972 3675 emendandum
997 3614 1061 3691 ost,
1094 3607 1189 3692 quod,
1219 3629 1295 3677 oum
1319 3617 1363 3680 si-

226 3711 310 3777 milis
332 3711 420 3776 loeus
444 3711 530 3796 apud
553 3711 708 3775 eomioum
731 3731 794 3774 non
811 3716 923 3792 exstet,
945 3731 1007 3776 non
1028 3711 1125 3795 plane
1140 3710 1360 3804 abnuerim.2)

311 3813 346 3893 d)
380 3833 555 3898 pronomen
566 3814 721 3897 repetitur
736 3813 950 3878 substantivo:
974 3813 1053 3880 Nub.
1070 3816 1128 3876 591
1154 3805 1195 3899 ἢν
1210 3812 1360 3887 Κλέωνα

307 3907 427 4003 δώρων
463 3911 597 3992 ἑλόντες
632 3914 690 3979 καὶ
719 3919 859 4000 κλοπῆς,
886 3915 891 4000 Ι
918 3910 989 3980 εἶτα
1024 3907 1195 4002 φιμώσητε
1222 3912 1360 3988 τούτου

313 4159 334 4222 ¹)
351 4153 387 4210 ef.
406 4155 488 4210 etiam
507 4153 632 4222 Hoogev.
651 4152 687 4206 ad
704 4151 767 4221 Vig.
786 4170 813 4222 p.
826 4158 882 4207 171.

311 4244 334 4308 ²)
351 4240 385 4296 ef.
404 4240 540 4295 nonnulla
558 4239 686 4308 exempta
703 4253 739 4293 ex
751 4239 813 4293 aliis
826 4238 992 4308 deprompta
1003 4240 1080 4309 apud
1092 4238 1217 4293 Ktihner.
1233 4242 1322 4314 §4⁶⁷2
1333 4250 1359 4301 7,
