2940 4898
249 336 268 391 4

248 517 354 598 prium
381 514 509 579 dicendi
533 533 646 596 genus,
673 519 709 578 ut
732 513 932 596 Aeschylus,
964 513 1180 595 Thucydides,
1212 513 1279 593 alii,
1312 514 1379 577 sibi

247 650 312 696 non
337 630 431 710 quasi
453 629 688 710 procreaverit,
714 627 770 693 vix
795 629 927 710 dignam
959 648 1040 710 esse,
1067 630 1098 693 iu
1124 647 1219 709 111111
1243 628 1380 708 penitus

247 745 443 824 inquiratur.
484 743 548 809 Sed
572 763 685 826 parum
713 743 892 824 probabilis
909 750 998 808 esset
1021 745 1102 808 haec
1118 745 1377 825 argumentatio.

247 860 330 924 Nam
355 859 485 925 etiamsi
501 859 742 940 Aristophanes
767 859 838 923 sine
855 858 923 923 ulla
946 863 1017 922 arte
1042 877 1192 924 sermone
1216 858 1378 923 farniliari

246 994 323 1041 usus
347 982 445 1058 esset,
459 993 574 1040 munus
598 980 728 1056 gratum
754 980 843 1039 esset
858 980 958 1054 atque
983 993 1084 1056 opera
1108 975 1252 1056 dignum,
1278 974 1377 1038 huius

243 1090 346 1171 ipsius
359 1091 519 1156 sermonis
530 1096 683 1154 naturam
696 1095 730 1155 et
742 1090 978 1171 proprietatem
996 1089 1212 1170 investigare.
1239 1087 1375 1168 Quanto

244 1208 351 1289 magis
364 1212 472 1272 autem
488 1207 550 1270 hoc
572 1207 620 1271 ita
633 1224 668 1270 se
691 1207 812 1271 habere
829 1211 936 1287 putas,
958 1224 1029 1270 cum
1046 1203 1118 1270 fieri
1133 1223 1197 1270 non
1215 1204 1374 1285 potuerit,

246 1323 323 1403 quin
340 1322 582 1403 Aristophanes
598 1321 800 1402 aliquantum
813 1321 939 1403 ingenii
956 1340 1019 1400 quo
1036 1320 1148 1386 floruit
1164 1318 1373 1385 excellentis-

246 1438 320 1502 simi
342 1437 486 1503 sermoni
509 1436 560 1502 illi
583 1437 774 1517 quotidiano
799 1437 1005 1501 admisceret.

333 1559 411 1625 Cum
443 1559 546 1642 igitur
576 1559 804 1626 anacoluthias
835 1561 868 1625 in
893 1559 960 1624 illis
992 1557 1113 1624 fabulis
1144 1555 1302 1637 colligere
1335 1564 1369 1619 11

242 1675 357 1741 ordine
381 1674 554 1757 probabili,
580 1681 735 1754 quantum
761 1697 898 1760 possem,
934 1676 1109 1757 disponere
1134 1679 1168 1737 et
1201 1671 1370 1736 illustrare

241 1790 485 1872 constituerem,
519 1808 584 1855 non
616 1791 734 1856 inutile
757 1793 927 1874 negotium
951 1804 1003 1855 me
1035 1794 1261 1871 suscepturum
1294 1805 1370 1851 esse

242 1905 368 1986 putavi.
405 1904 507 1987 Spero
539 1911 658 1988 autem,
691 1926 742 1971 me
773 1907 806 1972 id
836 1906 1028 1972 effecturum
1052 1923 1140 1987 esse,
1169 1909 1206 1969 ut
1236 1901 1373 1968 diversa

241 2021 511 2087 anacoluthorum
528 2041 662 2104 genera,
677 2041 760 2102 quae
776 2024 862 2104 apud
871 2021 1126 2102 Aristophanem
1142 2019 1370 2102 inveniuntur,

241 2138 301 2201 sub
331 2155 395 2202 uno
427 2141 563 2219 aspectu
601 2137 711 2218 posita
749 2138 920 2220 perspicue
957 2142 1200 2218 cognoscantur
1231 2142 1265 2199 et
1296 2152 1368 2198 cum

239 2254 357 2318 ceteris
381 2253 596 2335 scriptoribus
621 2253 661 2317 de
684 2253 800 2333 quibus
818 2254 931 2319 eadem
957 2252 1106 2331 quaestio
1124 2251 1189 2316 iam
1213 2250 1371 2315 instituta

235 2373 295 2450 est,
328 2368 426 2434 facile
461 2372 706 2450 comparentur,
743 2386 826 2448 quae
855 2367 941 2434 ratio
970 2367 1013 2431 ad
1049 2366 1183 2449 linguae
1215 2366 1366 2431 Graecae

239 2483 410 2549 historiam
434 2489 586 2550 accurate
610 2483 871 2565 perspiciendam
895 2482 1011 2549 summi
1034 2484 1191 2548 momenti
1214 2489 1274 2548 est.
1330 2560 1332 2565 ι

326 2605 522 2687 Priusquam
545 2612 655 2672 autem
679 2607 721 2671 ad
744 2626 812 2673 rem
833 2608 937 2689 ipsam
960 2612 1137 2690 transeam,
1162 2607 1264 2671 libros
1289 2623 1369 2670 enu-

239 2738 365 2787 merare
389 2722 497 2805 liceat,
524 2723 579 2804 qni
602 2724 643 2789 de
666 2723 873 2789 anacoluthis
906 2722 1023 2804 scripti
1053 2728 1144 2804 sunt,
1167 2728 1204 2787 ut
1227 2721 1302 2801 quid
1331 2720 1366 2784 in

237 2836 288 2901 his
311 2839 485 2904 structuris
509 2839 717 2921 explorandis
749 2842 783 2903 et
806 2837 1013 2904 illustrandis
1037 2839 1143 2903 adhuc
1166 2836 1361 2918 praestitum

238 2950 282 3016 sit
305 2958 533 3035 cognoscatur.

330 3077 357 3132 1.
382 3068 446 3133 Fr.
470 3069 664 3135 Richter:
691 3070 730 3133 de
754 3067 940 3151 praecipuis
965 3067 1113 3133 Graecae
1130 3069 1264 3150 linguae
1283 3085 1364 3131 ana-

381 3184 530 3267 coluthis
556 3182 738 3266 Hagiopoli
765 3192 847 3249 1827
874 3189 908 3249 et
935 3191 1029 3247 1828.

326 3306 355 3361 2.
382 3297 482 3363 Wan
491 3317 512 3362 n
522 3317 576 3363 ow
586 3318 601 3363 s
611 3299 634 3363 k
643 3299 669 3363 i:
695 3303 874 3380 syntaxeos
887 3299 1058 3364 anomalae
1071 3299 1270 3366 Graecorum
1283 3316 1363 3378 pars

381 3413 421 3478 de
445 3414 689 3479 constructione
721 3431 805 3494 quae
829 3413 948 3479 dicitur
979 3414 1131 3480 absoluta
1154 3414 1259 3493 deque
1284 3431 1363 3477 ana-

380 3528 520 3594 coluthis
542 3530 606 3592 hue
628 3527 869 3610 pertinentibus
893 3530 984 3613 Lips.
1035 3536 1131 3596 1835.

326 3651 355 3707 3.
380 3644 448 3708 Ad.
473 3643 603 3709 Laun:
630 3644 670 3709 de
702 3645 912 3711 anacoluthis
941 3647 975 3710 in
1000 3645 1137 3713 Homeri
1160 3644 1360 3712 carminibus

379 3759 457 3826 diss.
481 3759 593 3842 inaug.
641 3759 823 3842 Gottingae
849 3771 943 3828 1831.

324 3885 354 3942 4.
380 3875 500 3941 Wilh.
517 3874 800 3956 Engelhardt:
826 3879 1095 3944 anacoluthorum
1112 3879 1356 3945 Platonicorum

378 3991 541 4072 specimm.
567 3991 630 4056 ΙΙΙ.
655 3991 785 4057 Godani
811 4001 904 4075 1834,
934 4000 1027 4076 1838,
1057 4000 1151 4059 1845.

324 4115 353 4173 5.
378 4107 473 4172 Lud.
497 4107 716 4173 Benloew:
743 4108 783 4172 de
807 4108 1009 4190 Sophocleae
1034 4108 1187 4176 dictionis
1210 4110 1357 4192 proprie-

376 4228 447 4289 tate
481 4240 551 4289 cum
587 4222 744 4306 Aeschyli
785 4221 1020 4306 Euripidisque
1066 4223 1196 4291 dicendi
1234 4241 1357 4307 genere

375 4342 575 4421 comparata.
598 4336 710 4403 Latet.
734 4337 839 4405 Paris.
867 4347 962 4406 1847.
