2940 4898
241 312 281 374 58

239 486 352 564 poetas
368 485 496 563 praeter
511 481 696 565 Euripidem
705 483 742 566 ¹),
766 483 896 568 saepius
919 486 1006 569 apud
1029 486 1203 570 scriptores
1227 491 1384 574 pedestri

238 582 381 648 oratione
404 583 523 668 usosl)

324 685 481 769 Exempla
511 686 544 751 iu
567 686 681 768 quibus
704 686 897 752 adieetivum
926 707 946 751 a
970 689 1066 754 verbo
1089 693 1270 758 transitivo
1295 695 1385 761 deri·

238 793 347 852 vatum
371 787 416 851 ita
440 807 510 851 oum
534 787 719 852 accusativo
743 788 954 873 coniungitur,
977 798 1011 855 ut
1034 812 1091 875 pro
1115 792 1287 861 adiectivo
1303 819 1385 882 par-

238 888 382 973 ticipium
405 889 503 953 activi
528 889 774 970 intellegendum
799 891 858 973 sit,
889 898 923 955 ut
946 892 977 956 in
994 893 1146 978 Aeschyli
1172 896 1329 983 Ohoeph.
1354 922 1386 966 r.

238 994 294 1054 21:
315 984 396 1074 χοὰς
417 982 623 1076 πρόπομπος
645 1011 703 1075 pro
725 984 808 1075 χοὰς
822 989 1065 1077 προπέμπουσα
1079 994 1113 1078 3),
1137 999 1230 1081 apud
1249 1002 1385 1067 Aristo·

238 1091 379 1177 phanem
401 1114 465 1157 non
489 1094 606 1158 inveni.

754 1230 774 1315 p
800 1236 845 1295 17.

538 1349 589 1414 De
612 1349 858 1416 anacoluthis
881 1353 1060 1432 genetivi.

321 1473 455 1535 Perraro
485 1469 581 1533 etiam
620 1470 759 1551 genetivi
791 1471 985 1536 anacoluthu
1014 1472 1100 1556 apud
1131 1475 1298 1542 comicum
1333 1480 1383 1544 iu·

237 1574 417 1638 veniuntur.
462 1573 567 1652 Atque
589 1572 678 1654 talia,
700 1571 732 1634 in
764 1572 879 1652 quibus
907 1576 1073 1655 genetivus
1104 1576 1286 1643 absolutus
1319 1603 1379 1665 pro

236 1674 435 1740 nominativo
459 1673 618 1757 participii
642 1673 765 1756 positus
787 1681 843 1756 est,
871 1695 954 1756 quae
977 1676 1019 1740 ab
1042 1677 1125 1758 aliis,
1147 1683 1336 1766 praecipue
1359 1705 1378 1749 a

236 1777 446 1862 scriptoribus
462 1775 585 1857 Atticis,
608 1775 765 1840 interdum
782 1775 1056 1863 admiserunt),
1077 1779 1118 1843 ah
1134 1782 1377 1867 Aristophanis

236 1880 357 1946 fabulis
380 1879 506 1943 absunt.
550 1878 637 1943 Idem
670 1877 757 1943 valet
779 1877 819 1942 de
841 1878 989 1961 genetivo
1019 1881 1167 1946 absoluto
1192 1904 1257 1967 pro
1283 1908 1373 1955 accu-

235 1983 340 2048 sativo
364 1979 526 2065 participii
549 1980 689 2064 positor)

323 2085 444 2148 Contra
460 2084 627 2164 genetivus
643 2103 700 2166 pro
716 2082 825 2147 dativo
841 2083 972 2168 positus,
987 2085 1041 2166 qui
1057 2085 1144 2168 apud
1155 2086 1372 2177 Homeruml)

235 2193 267 2254 et
278 2192 393 2272 poetas
402 2184 574 2268 tragicosl)
587 2190 618 2248 et
629 2184 809 2267 scriptores,
820 2184 1017 2250 Herodotum
1024 2186 1059 2270 8)‚
1077 2187 1368 2279 Xenophontem),

236 2285 489 2370 Pausaniamw),
518 2285 740 2368 Platonemd),
772 2285 991 2370 Thucydidem
1004 2289 1052 2374 12),
1080 2290 1214 2374 saepius
1239 2294 1370 2380 legitur,

236 2393 333 2458 etiarn
359 2390 401 2454 ab
422 2387 640 2472 Aristophane
662 2387 712 2451 bis
735 2396 916 2473 usurpatur.

322 2495 359 2559 In
383 2513 449 2557 vn:
471 2491 550 2555 Rau.
576 2492 634 2553 127
648 2509 693 2572 sq.
720 2489 863 2555 Bacchus
893 2492 934 2556 ab
957 2493 1093 2558 Hercule
1119 2497 1211 2577 petit,
1240 2506 1281 2564 ut
1312 2500 1373 2565 sibi

237 2616 441 2626 ——q-

323 2667 345 2730 ¹)
362 2678 389 2716 v.
407 2658 487 2714 Koch
505 2659 521 2712 l.
535 2675 557 2713 c.
577 2673 640 2727 pag.
648 2653 731 2727 '36sq.
752 2663 780 2713 et
798 2658 910 2727 Krliger
926 2659 942 2730 ξ
956 2665 996 2727 56,
1017 2665 1056 2727 18,
1077 2663 1099 2715 2.

321 2752 345 2815 ²)
362 2764 387 2801 v.
407 2744 543 2812 exempla,
562 2759 633 2813 quae
652 2742 802 2798 Klihuerus
820 2745 847 2810 (ᾗ
859 2748 928 2811 127),
947 2746 1092 2812 Kriigerus
1110 2746 1137 2815 (ξ
1149 2752 1192 2814 56,
1214 2755 1256 2816 ts,
1278 2755 1376 2823 2-3)

234 2832 403 2906 Blaydesius
426 2832 467 2900 (in
489 2827 807 2894 annot.adAv.1237)
830 2845 864 2883 ex
883 2830 1013 2896 Platone,
1039 2831 1224 2902 Thucydide,
1250 2836 1376 2894 Demos.

234 2921 332 2987 there,
355 2915 555 2987 Xenophonte,
578 2917 715 2982 Isocrate,
740 2911 908 2983 Aristotele,
936 2916 1058 2970 Diodoro
1082 2915 1190 2985 Siculo,
1221 2920 1374 2994 Dionysio

234 3005 331 3072 Halia,
349 3001 500 3058 Plutarcho
519 3002 681 3056 attulerunt.

320 3093 342 3154 ³)
360 3086 394 3143 ci.
416 3088 562 3143 Hermann.
581 3087 616 3141 ad
635 3086 699 3155 Vig.
719 3103 745 3155 p.
760 3090 817 3140 895.

319 3177 341 3238 ⁴)
360 3173 417 3226 vid.
436 3171 590 3241 Kampfner
603 3172 653 3226 l.e.
672 3176 687 3238 ξ
704 3177 731 3225 15
742 3187 798 3240 sq.;
815 3170 932 3224 Kiihner
944 3170 960 3241 ξ
973 3175 1035 3240 191,
1056 3171 1153 3225 Storeh
1174 3173 1190 3226 l.
1202 3189 1226 3227 c.
1240 3191 1269 3243 p.
1285 3183 1319 3233 28
1327 3198 1372 3251 sq.

235 3262 258 3314 E
271 3259 387 3328 tragicis
399 3258 562 3327 Sophoclem
581 3257 648 3313 haec
667 3255 835 3312 anacolutha
847 3271 902 3309 non
917 3256 1077 3312 adhibuisse
1090 3258 1216 3312 ostendit
1228 3260 1371 3320 Hartzius

234 3346 282 3417 (de
305 3360 382 3400 auae.
404 3357 448 3413 up.
472 3341 575 3398 Aeseh.
598 3351 627 3398 et
650 3343 733 3413 Soph.
753 3360 780 3412 p.
796 3347 826 3395 12
845 3344 926 3406 extr.)
951 3343 986 3396 de
1004 3341 1149 3411 Aeschylo
1172 3349 1203 3396 et
1225 3346 1372 3418 Euripide

234 3432 291 3487 vid.
310 3430 391 3485 etiam
412 3429 525 3484 Wrobel
544 3429 560 3484 l.
574 3446 597 3484 c.
616 3446 644 3498 p.
656 3434 697 3484 es.
733 3427 811 3482 Koch
830 3428 849 3482 l.
862 3442 884 3480 c.
903 3444 930 3495 p.
944 3432 984 3482 11.

320 3521 343 3585 ⁶)
360 3515 394 3571 ef.
420 3515 537 3570 Kiihuer
561 3515 578 3568 l.
597 3531 634 3583 c.;
659 3514 772 3569 Wrobel
796 3514 813 3567 l.
832 3528 870 3581 c.3
894 3511 1050 3582 Kamplner
1073 3514 1129 3568 le.
1153 3515 1223 3581 §tu
1260 3515 1369 3574 Storeh

233 3605 387 3673 lepffi

319 3686 688 3757 evurtgerllprur.
710 3691 731 3740 1.

321 3776 342 3835 ⁷)
361 3789 387 3828 v.
406 3772 520 3828 Wrobel
539 3778 569 3826 et
585 3769 674 3826 Koch.
693 3772 720 3825 ll.
739 3786 778 3826 cc.

319 3862 340 3924 ⁸)
359 3857 476 3912 Kiihuer
494 3857 540 3912 Gr.
560 3857 593 3911 G.
610 3856 689 3926 §494
700 3871 724 3910 c.

318 3945 340 4017 l)
359 3943 470 4013 Kriiger
487 3943 523 3997 ad
541 3942 612 3997 Xen.
631 3938 723 3996 Anah.
737 3941 759 4011 I,
773 3945 796 4008 4,
813 3943 851 3994 12.

320 4028 686 4097 uwmwneu

322 4120 352 4183 ¹¹)
371 4113 544 4184 Eugollrardt
562 4129 637 4182 spec.
651 4113 693 4167 Ill
712 4130 739 4181 p.
752 4118 792 4167 36.

321 4204 351 4269 l²)
369 4199 481 4254 Hauelro
500 4199 535 4253 ad
554 4198 566 4250 l
588 4203 647 4267 1143
670 4197 704 4253 ot'.
730 4199 811 4253 etiarn
836 4199 964 4267 ltichter;
992 4199 1027 4250 de
1056 4213 1146 4266 praec.
1172 4198 1188 4251 l.
1206 4213 1246 4265 gr.
1272 4216 1355 4258 anae.

233 4289 343 4356 §un
