2940 4898
230 303 272 361 26

229 484 339 549 Baehr
368 483 421 547 ad.
445 482 503 547 IV.
527 485 593 564 43.)
628 483 835 566 Thucydides
870 483 916 564 (v.
948 481 1072 563 Poppo.
1105 483 1148 547 ad
1177 483 1194 548 I
1223 484 1291 549 vol.
1326 493 1354 549 1.

229 616 307 680 pag.
332 607 383 677 96,
419 598 472 662 ΙΙΙ
507 597 573 663 vol.
610 606 640 663 3.
666 618 697 679 p.
725 600 811 680 102.)
848 597 1020 679 Antiphon
1054 597 1100 678 (v.
1122 598 1297 664 Maetzner
1322 618 1355 681 p.

232 714 309 794 161)
333 721 368 778 et
390 716 518 795 poetae,
550 713 597 794 (v.
621 711 742 794 Pilugk
771 713 814 778 ad
843 712 958 794 Eurip.
982 713 1080 778 Herc.
1112 711 1176 777 fur.
1202 721 1267 778 202
1307 732 1356 794 sq.

227 827 364 894 Wrobel
379 826 399 891 1.
424 846 451 892 c.
475 847 507 908 p.
524 835 564 892 47
590 828 653 907 sq.)
685 844 926 908 nonnumquam
941 827 1100 892 adhibent
1109 828 1140 910 ¹),
1173 828 1356 911 invenitur,

228 943 332 1010 sicubi
354 960 508 1007 numerus
531 941 711 1022 singularis
734 942 783 1007 ita
806 942 932 1023 positus
963 947 1030 1024 est,
1055 948 1180 1007 utnon
1212 961 1280 1008 una
1303 963 1358 1009 res

227 1058 283 1123 vel
298 1075 454 1139 persona,
469 1057 528 1122 sod
548 1062 654 1122 totum
678 1077 791 1142 genus,
810 1060 896 1140 quod
911 1059 969 1124 illo
986 1059 1150 1140 singulari
1173 1059 1359 1142 indicatur,

228 1170 399 1252 scriptoris
423 1170 530 1235 animo
555 1173 802 1241 obversaretur.

310 1285 409 1350 'Pales
421 1285 485 1350 loci
500 1292 577 1352 sunt
597 1289 685 1368 apud
710 1289 983 1373 Aristophanem:
1009 1291 1085 1356 Pac.
1101 1309 1156 1356 vv.
1172 1298 1257 1356 1176
1277 1310 1352 1372 sqq.

129 1384 133 1392 ⁵
227 1401 354 1468 Chorus
373 1401 566 1484 agrestium,
602 1410 774 1485 postquam
808 1425 922 1488 pacem
957 1407 1092 1488 eiusque
1131 1407 1360 1474 iucunditates

224 1517 337 1583 verbis
349 1516 508 1598 depinxit,
521 1516 556 1581 in
575 1519 789 1603 taxiarchum,
807 1522 898 1601 pacis
913 1523 1128 1605 turbatorem,
1151 1522 1202 1588 his
1219 1521 1359 1588 infestis

226 1631 379 1698 versibus
391 1631 573 1697 invehitur:
594 1636 753 1718 τηνικαῦτ’
766 1628 861 1707 αὐτὸς
874 1637 958 1719 (scil.
975 1629 992 1698 ὃ
1005 1637 1182 1720 ταξίαρχος)
1194 1641 1364 1720 βέβαπται

226 1746 337 1834 βάμμα
349 1746 562 1837 Κυζικηνικόν·
582 1753 586 1830 Ι
605 1740 686 1836 κᾷτα
709 1746 818 1832 φεύγει
841 1754 974 1834 πρῶτος,
987 1746 1093 1837 ὥσπερ
1111 1748 1228 1826 ξουθὸς
1251 1752 1358 1816 ἱππα-

226 1859 383 1947 ίεκτρυὼν
402 1865 407 1942 Ι
426 1858 500 1936 τοὺς
514 1859 633 1945 λόφους
648 1867 747 1927 σείων·
762 1858 820 1942 ἐγὼ
833 1858 974 1947 δ’ἔστηκα
984 1859 1229 1944 λινοπτώμενος,
1249 1862 1254 1948 Ι
1275 1857 1358 1951 ἡνίκ’

226 1967 264 2038 ἄν
288 1974 396 2038 δὀἴκοι
412 1980 570 2055 γένωνται,
596 1977 709 2059 δρῶσιν
740 1967 797 2036 oria
825 1967 993 2051 ἀνασχετά.
1039 1975 1101 2040 His
1133 1976 1168 2039 in
1199 1977 1357 2041 versibus

226 2093 332 2159 oratio
356 2094 390 2157 in
413 2093 574 2174 pluralem
598 2093 740 2157 transitu
763 2092 921 2158 maiorem
950 2092 1050 2158 etiam
1074 2091 1355 2172 contemptionem

226 2227 307 2290 prae
332 2226 367 2273 se
391 2207 480 2272 terre
504 2206 647 2273 videtur.

313 2323 402 2389 Eccl.
422 2341 478 2388 vv.
492 2330 553 2387 441
569 2340 617 2402 sq.
631 2320 854 2404 Chremyluse
878 2324 1031 2389 contione
1047 2341 1211 2405 reversus,
1236 2322 1271 2387 in
1289 2343 1355 2405 qua

226 2437 380 2503 mulieres
396 2438 545 2504 vestibus
568 2437 702 2503 mutatis
731 2436 765 2501 id
789 2443 960 2504 assecutae
976 2445 1082 2523 erant,
1108 2444 1145 2504 ut
1165 2440 1355 2520 respublica

225 2553 489 2619 administranda
510 2553 592 2634 ipsis
616 2550 811 2635 deferretur,
836 2552 1014 2635 Blcpyrum
1038 2554 1077 2618 de
1094 2555 1145 2619 his
1161 2556 1259 2619 rebus
1284 2575 1356 2622 cer·

225 2669 344 2734 tiorem
366 2667 457 2751 facit,
481 2668 656 2749 praecipue
673 2687 736 2748 quo
753 2668 847 2733 modo
864 2686 930 2733 uua
945 2687 986 2733 ex
1002 2667 1079 2752 illis,
1093 2669 1184 2735 viros
1201 2670 1352 2753 elevarae,

227 2784 421 2850 feminarum
432 2783 575 2850 virtutes
587 2783 753 2867 extulerit,
771 2802 948 2850 enarraus:
962 2793 1093 2862 γυναῖκα
1110 2778 1221 2847 δἐἶναι
1232 2788 1354 2868 πρᾶγμ’

226 2897 289 2984 ἔφη
311 2893 512 2980 νουβυστικὸν
532 2895 537 2980 Ι
555 2900 608 2961 καὶ
622 2893 871 2984 χρηματοποιόν.
894 2894 988 2963 κοῦτε
1010 2894 1185 2985 τάπόρρητ’
1209 2898 1272 2986 ἔφη
1292 2904 1296 2980 Ι
1319 2899 1353 2965 ἐκ

227 3004 449 3094 Θεσμοφόροιν
463 3004 601 3073 ἑκάστοτ’
625 3002 723 3082 αὐτὰς
745 3005 897 3094 ἐκφέρειν.
942 3011 1006 3076 Hie
1020 3018 1131 3076 tamen
1161 3015 1351 3080 sententiae

224 3127 399 3194 discrimen
434 3127 582 3208 quamvis
613 3125 732 3192 subtile
766 3126 855 3191 inter
888 3125 1090 3208 singularem
1122 3133 1157 3193 et
1190 3128 1352 3209 pluralem

224 3261 291 3307 nou
314 3248 435 3308 exstat.

313 3359 420 3423 Locus
443 3357 518 3422 huic
539 3357 722 3423 simillimus
745 3357 779 3420 iu
803 3355 916 3422 eadem
939 3355 1052 3423 fabula
1071 3363 1124 3423 est
1146 3377 1178 3423 v.
1196 3367 1258 3424 236
1285 3378 1350 3440 sq:

224 3466 370 3557 χρήματα
382 3472 524 3558 πορίζειν
544 3466 773 3555 εὐπορώτατον
788 3465 873 3558 γυνή,
893 3473 898 3553 Ι
917 3466 1057 3558 ἄρχουσά
1070 3465 1157 3535 τὀίκ
1178 3464 1217 3535 do
1233 3469 1350 3546 ἐξαπα-

224 3588 339 3671 θιμείη
358 3589 445 3648 ποτέ.
465 3577 561 3648 αὗταί
583 3579 640 3671 γᾶρ
663 3585 743 3650 εἰσιν
759 3579 923 3658 ἐξαπατᾶν
945 3583 1133 3664 εἰθισμέναι.

311 3694 398 3760 Plut.
413 3703 475 3762 527
499 3695 533 3760 iu
557 3697 699 3781 dialogo,
732 3715 794 3777 quo
818 3695 1002 3776 Paupertas
1026 3693 1200 3777 Obremylo
1225 3702 1350 3776 quanto

219 3810 333 3876 utilior
344 3810 389 3876 sit
399 3812 473 3893 ipsa
495 3812 602 3892 Pluto,
621 3812 805 3876 hominibus
822 3811 981 3893 exemplis
998 3810 1228 3876 demonstrans
1245 3809 1347 3875 elicit:

223 3922 270 3989 ἔτι
291 3919 377 4004 dorix
398 3922 477 4000 ἔξεις
499 3918 566 3988 οὔτ’
590 3921 625 3989 ἐν
646 3926 735 4015 κλίνῃ
755 3928 979 4012 καταδαρθεῖν,
1002 3918 1040 3987 οὗ
1060 3919 1117 4010 γὰρ
1133 3922 1258 3989 ἔσονται
1278 3927 1348 4010 plu·

221 4041 301 4108 ralis
320 4041 443 4108 ἔσονται
464 4044 593 4126 positus
617 4049 846 4127 esttamquam
869 4043 899 4109 si
920 4042 1133 4108 antecederet
1156 4040 1191 4106 ἐν
1216 4043 1348 4115 κλίναις,

296 4297 316 4357 ¹)
335 4298 368 4347 cl.
387 4297 495 4348 Klihner
513 4296 527 4357 ξ
546 4300 606 4359 371,
626 4301 649 4345 5.
