2940 4898
167 270 209 330 38

168 443 192 516 oi
217 446 359 538 δημόται.
382 450 459 516 ibid.
484 471 515 518 v.
542 459 616 536 328.
649 448 723 514 εἰπέ
743 470 806 528 μοι,
896 439 1006 528 ἄνδρες
1029 440 1175 530 δημόται.
1218 445 1288 510 Pac.

167 578 241 636 383.
264 567 338 631 εἰπέ
357 589 420 646 μοι,
442 569 476 628 τί
497 560 637 643 πάσχετ’,
655 553 787 650 ὦνδρεςς
818 565 881 630 AV.
907 572 981 629 336.
1006 562 1081 626 εἰπέ
1092 585 1158 642 μοι,
1173 564 1208 624 τί
1219 558 1285 640 μὲλ-

166 685 237 755 item,
260 672 284 745 oi
308 677 438 746 πάνῑων
460 676 590 746 κάκιστα
613 683 756 767 θηρίων;

257 796 290 877 3)
316 801 410 880 φέρε
432 797 513 860 Ach.
531 802 592 860 541
610 813 658 875 sq.
686 789 764 879 φέρ’,
785 791 1012 875 ...oedipo-‘l’
1035 781 1075 853 ἔν
1088 785 1123 852 ἐν
1136 781 1294 870 defuntcum

254 909 305 976 Ex
329 914 478 979 omnibus
503 910 661 977 eiusmodi
696 909 888 990 structuris,
913 907 947 972 in
969 904 1088 986 quibus
1104 907 1295 988 complures

167 1044 327 1106 personae
352 1027 514 1110 singulari
536 1043 671 1091 numero
696 1025 943 1108 compellantur,
975 1039 1045 1103 eae,
1078 1037 1164 1101 quae
1194 1020 1297 1102 impe·

166 1142 285 1208 nativis
309 1139 372 1224 ἄγε,
391 1148 475 1227 φέρε,
499 1140 639 1207 maxime
668 1149 778 1209 autem
809 1139 884 1206 εἰπέ
903 1136 1066 1203 formatae
1100 1140 1196 1218 sunt,
1231 1151 1298 1200 ser·

167 1255 273 1321 monis
304 1262 382 1322 sunt
412 1254 595 1339 familiaris
629 1258 838 1337 quamobrem
872 1259 1008 1336 praeter
1037 1249 1300 1331 Aristophanem

167 1371 255 1454 apud
289 1372 461 1437 Platonem
499 1369 742 1452 frequentiores
777 1374 953 1438 occurrunt
970 1370 1007 1451 ’);
1041 1385 1149 1449 neque
1184 1369 1301 1430 tamen

168 1483 290 1553 absunt
313 1505 333 1550 a
356 1485 464 1567 poetis
487 1485 635 1568 tragicis,
653 1486 907 1552 aDemosthene
930 1502 1035 1565 neque
1048 1484 1091 1548 ab
1106 1480 1301 1563 Homero'2).

168 1601 266 1683 Apud
296 1601 437 1683 cosdem,
462 1600 612 1682 inprimis
644 1601 732 1682 apud
760 1601 938 1683 scriptores
962 1605 999 1665 ut
1021 1599 1160 1678 Isaeum,
1185 1596 1301 1662 Xeno-

168 1717 333 1798 phontem,
360 1721 535 1797 praeterea
565 1717 654 1799 apud
684 1716 880 1798 Hesiodum,
917 1715 1109 1796 Pindarum,
1146 1710 1300 1792 reliquae

169 1849 298 1912 quoque
321 1831 417 1895 huius
441 1830 575 1913 generis
600 1837 786 1898 structurae
810 1830 1024 1897 inveniuntur
1035 1829 1072 1912 ἰβ).

684 2025 778 2104 §ro

258 2138 350 2203 Haec
373 2139 483 2220 habui,
509 2158 592 2218 quae
617 2139 657 2203 de
673 2137 881 2204 anacoluthis
897 2137 1034 2219 pluralis
1058 2143 1093 2200 et
1116 2130 1299 2216 singularis

172 2251 298 2318 numeri
340 2254 382 2317 ab
424 2252 647 2334 Aristophane
681 2253 848 2334 usurpatis
893 2252 1043 2318 dicerem.
1100 2248 1298 2329 Priusquam

168 2372 278 2432 autem
306 2366 401 2431 huius
432 2366 675 2433 dissertationis
702 2367 808 2447 partis
838 2366 933 2433 finem
962 2365 1089 2448 faciam,
1121 2366 1296 2432 nonnullos

168 2482 257 2547 locos
280 2499 532 2547 commemorare
557 2482 636 2546 mihi
658 2482 766 2565 liceat,
785 2482 850 2564 qui,
876 2481 1006 2547 etiamsi
1030 2481 1163 2547 dubium
1188 2481 1295 2548 videri

169 2596 282 2678 possit,
308 2603 417 2662 utrum
440 2598 528 2662 inter
551 2597 749 2663 anacolutha
772 2597 916 2662 habendi
938 2596 1005 2662 sint
1026 2615 1146 2680 necne,
1172 2603 1293 2680 tamen,

169 2729 240 2777 cum
264 2731 284 2777 a
306 2711 436 2777 ratione
459 2712 629 2794 cogitandi
652 2719 686 2778 et
705 2712 836 2778 dicendi
857 2711 981 2778 usitata
996 2713 1163 2794 recedant,
1188 2712 1296 2778 obiter

169 2826 299 2907 quidem
322 2827 558 2909 perstrinxisse
581 2828 662 2894 utile
686 2827 759 2893 erit.

263 2944 294 3025 1)
319 2945 368 3009 Ac
396 2944 533 3026 primum
566 2943 696 3024 quidem
727 2962 969 3024 nonnumquam
1000 2943 1128 3026 accidit,
1161 2955 1199 3008 ut
1221 2946 1294 3009 suh-

169 3059 327 3141 stantiva,
353 3078 435 3140 (quae
459 3060 501 3124 ad
525 3059 621 3140 plura
644 3058 793 3124 subiecta
824 3064 860 3123 ut
895 3056 1147 3140 uniuscuiusque
1183 3078 1293 3124 eorum

169 3174 304 3256 propria
328 3175 506 3258 pertinent,
533 3181 643 3239 tamen
672 3173 706 3237 in
731 3172 893 3255 singulari
915 3191 1050 3239 numero
1074 3181 1292 3256 apponantur.

169 3290 261 3354 Haec
284 3290 493 3355 substantiva
523 3288 707 3370 singularia
737 3288 826 3369 apud
849 3287 1105 3371 Aristophanem
1135 3307 1201 3355 non
1230 3289 1294 3355 nisi

170 3409 284 3486 partes
308 3405 454 3486 corporis
478 3412 535 3471 aut
558 3403 643 3469 tales
666 3422 720 3467 res
737 3403 934 3488 significant,
960 3424 1043 3487 quae
1060 3405 1293 3485 quodammodo

171 3538 242 3585 cum
265 3539 402 3602 corpore
425 3520 618 3586 coniunctae
643 3517 785 3599 cogitari
801 3519 919 3585 solent.
966 3519 1063 3603 Apud
1086 3518 1170 3584 alios
1194 3520 1293 3602 scrip.

171 3640 260 3701 tores
284 3635 337 3701 hic
360 3635 540 3717 singularis
565 3633 665 3699 etiam
689 3634 729 3699 de
746 3634 854 3700 anima
878 3642 912 3700 et
935 3634 1056 3700 talibus
1080 3635 1180 3701 rebus
1203 3654 1293 3702 usur·

171 3755 278 3832 patur,
312 3768 393 3830 quas
422 3768 483 3815 nos
513 3767 667 3816 vocamus
699 3750 899 3828 abstractae,
931 3755 968 3814 ut
998 3749 1085 3829 apud
1115 3749 1293 3817 Isocratem

245 4003 251 4034 ¹
258 4013 265 4061 l
286 4006 335 4055 vid.
357 4006 461 4069 Kriiger
479 4006 494 4067 ξ
513 4010 555 4066 63,
572 4011 598 4054 4.
620 4010 641 4053 l.
659 4003 769 4052 Kiihner
787 4001 801 4063 ξ
821 4003 879 4063 371,
897 4007 913 4050 4
931 4005 961 4049 α.

205 4118 209 4127 »
241 4086 266 4152 ²)
284 4091 363 4140 iidem
387 4095 412 4138 ec
437 4089 524 4139 Bromi
550 4088 583 4138 ad
601 4087 728 4138 Demosth
759 4085 826 4136 Phil.
852 4087 995 4147 1,4a1o.
1021 4091 1147 4147 Matthiae
1176 4100 1208 4148 au
1227 4100 1288 4150 nur.

173 4173 217 4225 Or.
235 4190 260 4239 p.
280 4181 338 4228 240.
356 4175 457 4226 Nitsch.
477 4175 509 4224 ad
528 4171 577 4226 Od.
597 4174 697 4224 11143.
715 4187 739 4236 p.
761 4176 817 4220 144.

241 4275 265 4340 ὅ)
285 4278 427 4329 afflinem
446 4277 460 4340 ξ
478 4280 537 4340 371,
555 4264 602 4344 4β
612 4283 637 4326 et
654 4275 699 4340 qni
712 4273 748 4324 ibi
759 4272 867 4324 indicati
884 4281 946 4325 eunt
955 4274 1021 4330 libri.
1040 4278 1146 4334 Wrobol
1159 4294 1176 4339 1.
1187 4300 1208 4336 c.
1221 4288 1293 4350 psl.
