2940 4898
180 303 223 365 10

181 483 293 552 verbis
309 486 481 570 rrygaeus
498 487 689 552 cantharum
705 482 890 566 compellat.
923 483 1035 550 Simile
1051 481 1235 564 exemplum
1252 485 1308 546 est

180 599 214 667 in
243 602 371 667 Thesm.
397 621 429 668 v.
461 610 560 667 1203:
586 594 745 684 ἀπότρεχε
767 593 937 683 παιδάριον
963 602 1056 662 τουτί
1074 592 1186 680 λαβών.
1238 597 1307 662 Av.

181 726 221 782 87
250 717 362 801 verbis
393 704 417 778 (ό
439 711 620 780 δειλότατον
636 711 673 779 σὺ
690 718 814 801 θηρίον,
835 717 939 788 δείσας
961 708 1083 800 άφηκας
1103 710 1158 778 τὸν
1178 707 1306 777 κολοιόν

179 831 359 915 Euelpides
382 833 607 915 compellatur.

269 949 309 1014 In
333 966 433 1015 versu
456 948 608 1043 eiusdem
633 947 765 1014 fabulae
799 956 860 1013 366
891 964 1002 1030 upupa
1035 948 1168 1013 chorum
1192 945 1307 1010 avium

180 1064 383 1148 interrogat:
410 1058 483 1130 εἰπέ
498 1085 554 1142 μοι
572 1067 607 1125 τί
626 1057 760 1144 μέλλετ’,
784 1051 808 1124 ὦ
830 1055 961 1125 πάντων
982 1056 1111 1125 κάκιστα
1124 1064 1254 1147 θηρίων,
1275 1058 1280 1146 Ι

182 1172 338 1244 α’πολὲσαι
370 1175 534 1254 παθόντες
569 1176 670 1247 οὐδέν.
716 1179 805 1245 Eccl.
833 1185 917 1244 1045
947 1197 999 1259 sq.
1024 1178 1135 1260 puella
1163 1177 1307 1259 compel-
1374 1223 1379 1236 .

180 1290 269 1356 latur
295 1291 423 1358 verbis:
448 1288 618 1377 ζκεχάρισαί
646 1288 679 1373 γε’
701 1316 765 1373 μοι,
790 1291 794 1378 Ι
823 1285 847 1357 ὦ
879 1288 1080 1373 γλυκύτατον,
1113 1287 1171 1378 τὴν
1204 1294 1306 1377 γραῦν

181 1398 389 1479 ἀπαλλάξασά
410 1430 481 1488 μου.
538 1409 625 1475 Plut.
647 1418 771 1490 291εη.
801 1409 898 1474 cario
915 1409 1111 1475 adhortetur
1132 1413 1304 1492 agrestes:

181 1515 249 1585 ἀλλ’
262 1515 312 1586 εἶα
326 1517 416 1588 τέκεα
444 1525 555 1604 θαμίν’
576 1518 817 1608 ἐπαναβοῶντες
835 1518 1034 1607 βληχώμενοί
1052 1545 1087 1587 τε
1105 1522 1307 1609 προβατίωνΙ

268 1634 274 1713 Ι
365 1635 453 1721 μέλη,
473 1634 477 1713 Ι
497 1632 610 1700 ἕπεσθ’
634 1631 895 1721 ἀπεψωλημένοι.

271 1746 396 1815 Eadem
413 1752 579 1813 structura
595 1754 771 1831 praeterea
794 1754 934 1832 apparet
949 1749 984 1814 in
999 1750 1124 1815 duobus
1144 1748 1233 1832 locis,
1251 1750 1310 1815 ubi

183 1862 293 1930 tamen
309 1881 451 1948 persona
473 1866 527 1930 vel
550 1884 614 1948 res
640 1883 722 1946 quae
746 1870 912 1946 tamquam
936 1883 1078 1948 persona
1093 1864 1310 1947 compellatur

182 1979 344 2063 vocativo,
368 1980 653 2046 circumlocutione
668 1980 717 2046 ita
734 1981 939 2064 exprimitur,
964 1985 1002 2045 ut
1016 2000 1091 2064 vox,
1110 2000 1194 2062 quac
1210 1985 1312 2062 caput

182 2094 326 2161 notionis
348 2095 523 2180 significat,
547 2095 582 2160 in
599 2097 755 2180 genetivo
779 2102 975 2179 apponatur.
1022 2096 1119 2162 Alter
1139 2099 1251 2162 exstat
1274 2096 1311 2161 in

184 2210 277 2276 initio
299 2210 611 2296 Ecclesiazusarum‚
636 2212 693 2278 ubi
711 2212 908 2294 &asagora
930 2212 1097 2277 lucernam
1113 2211 1309 2292 alloquitur:

184 2312 208 2390 ολ
229 2321 379 2411 λαμπρὸν
401 2321 489 2408 ὄμμα
511 2330 568 2390 τοῦ
595 2321 790 2413 τροχηλάτοιο
816 2321 934 2405 λόχνου
955 2327 959 2395 Ι
978 2323 1113 2390 κάλλιστ’
1145 2323 1179 2390 ἐν
1205 2319 1311 2391 εόσκό-

184 2454 290 2501 ποισιν
311 2424 521 2525 ἐξηρτημένον
540 2437 544 2522 Ι
648 2441 652 2519 Ι
671 2440 772 2523 τροχῷ
799 2432 857 2522 γὰρ
880 2434 1008 2511 ἐλαθεὶς
1100 2431 1191 2521 ἡλίου
1213 2433 1309 2519 τιμὰς

185 2546 264 2628 ἔχεις
287 2570 315 2616 e.
341 2571 370 2632 q.
396 2571 421 2618 s.
468 2550 532 2616 Hic
553 2551 658 2634 igitur
689 2549 722 2616 in
747 2551 896 2617 oratione
920 2550 1120 2634 procedente
1144 2529 1312 2616 adiectiva

184 2670 219 2732 et
241 2667 418 2750 participia
442 2666 581 2753 πλησίος,
604 2668 650 2750 (v.
677 2668 710 2751 9)
734 2660 838 2748 μόνος,
856 2660 994 2748 άφεάιιν,
1017 2666 1063 2748 (v.
1091 2666 1145 2749 12)
1169 2666 1311 2749 συνδρῶν

184 2782 230 2864 (v.
251 2783 305 2864 16)
318 2783 361 2848 ad
369 2801 474 2866 genus
482 2784 624 2866 genitivi
631 2777 757 2863 λύχνου,
773 2783 991 2852 nonvocativi
1007 2775 1095 2863 ὄμμα
1103 2780 1310 2865 referuntur3

185 2898 273 2964 alter
304 2898 473 2966 invenitur
507 2901 542 2964 in
576 2900 697 2966 Avium
732 2919 787 2967 vv.
825 2907 888 2965 250
918 2918 966 2981 sq.
992 2882 1063 2964 (ἐντ’
1091 2893 1147 2961 ἐπὶ
1176 2891 1311 2961 πόντιον

185 3007 280 3096 οἶδμα
313 3008 471 3100 θαλάσσης
494 3011 499 3098 Ι
519 3014 610 3096 Ιφῦλα
631 3008 702 3095 μετ’
724 3008 905 3078 ἀλκυόνεσσι
939 3017 1086 3095 ποτᾶται,
1111 3015 1116 3094 Ι
1143 3015 1227 3099 δεῦρ’
1263 3011 1311 3077 ἴτε

187 3122 379 3209 πευσόμενοι
408 3121 448 3190 τὰ
480 3121 624 3210 νεώτερα,
661 3127 718 3192 ubi
740 3126 949 3208 participium
984 3120 1178 3208 πευσόμενοι
1206 3144 1311 3209 genus

187 3245 337 3327 sequitur
360 3243 562 3311 substantivi
584 3235 721 3328 ὄρνιθες,
738 3241 891 3322 quoniam
915 3261 994 3309 aves
1018 3242 1265 3327 compellantur.

276 3361 353 3426 Alia
376 3360 472 3425 huius
496 3362 682 3424 structurae
714 3357 864 3438 exempla
895 3358 974 3423 mihi
1004 3378 1070 3424 non
1093 3360 1311 3442 obvenerunt,

188 3481 366 3563 propterea
396 3474 522 3557 opinor,
555 3473 641 3555 quod
675 3471 760 3538 tales
784 3472 1088 3541 circumlocutiones
1119 3467 1312 3539 cothurnum

187 3592 293 3675 magis
317 3591 435 3656 decent
458 3593 493 3656 et
505 3588 706 3672 gravitatem
721 3586 858 3654 Homeri
866 3588 899 3673 ¹),
925 3608 1021 3672 quam
1038 3608 1165 3656 soccum
1190 3594 1224 3656 et
1240 3608 1312 3656 ora·

189 3708 289 3776 tionis
312 3705 487 3772 familiaris
503 3704 758 3787 simplicitatem.
793 3705 903 3787 Atque
920 3705 1010 3789 ipsos
1026 3704 1101 3771 illos
1118 3724 1199 3787 quos
1215 3707 1313 3772 attuli

188 3826 278 3890 locos
300 3800 464 3905 tragicum
487 3820 630 3887 colorem
652 3820 775 3885 habere
798 3838 892 3886 nemo
916 3838 982 3885 non
1005 3820 1107 3886 videt.

279 3937 488 4005 Adiectivum
507 3935 622 4001 inveni
641 3952 705 4000 uno
729 3934 763 4001 in
787 3954 886 4002 versu
919 3935 995 4001 Pac.
1024 3943 1095 4019 111,
1121 3937 1177 4002 ubi
1198 3956 1313 4004 servus

190 4055 336 4139 Trygaei
364 4052 478 4120 liberis
501 4055 629 4134 patrem
653 4052 811 4117 cantharo
835 4053 958 4118 elatum
981 4050 1073 4116 abire
1103 4053 1312 4134 pronuntiat:

267 4246 288 4310 ¹)
306 4248 338 4297 ci.
358 4246 464 4296 Richter
482 4246 498 4295 1.
517 4260 538 4294 c.
557 4244 572 4305 ξ
591 4245 632 4294 27.
660 4241 767 4293 Wrobel
784 4243 801 4294 1.
821 4259 843 4293 c.
860 4245 874 4306 ξ
893 4247 918 4294 t.
944 4242 1048 4306 Kriiger
1075 4257 1112 4305 gr.
1132 4259 1170 4307 gr.
1199 4249 1237 4291 58.
1260 4249 1270 4293 1
1291 4261 1314 4295 α.

130 4346 134 4351 ·
193 4341 217 4385 2.
235 4331 331 4384 Grliter
348 4333 365 4383 l.
386 4348 407 4382 c.
426 4347 453 4395 p.
471 4336 495 4382 5.
513 4327 644 4382 θείνοντας
659 4336 749 4403 annot
767 4329 809 4378 ad.
827 4327 933 4380 Thesm.
951 4343 975 4378 r.
996 4333 1068 4378 1062.
