2940 4898
168 286 208 346 70

100 495 109 508 -
167 473 237 517 cunr
271 457 429 516 structura
464 450 634 535 participio
665 450 863 516 conformata
894 471 913 515 a
944 450 1107 514 sententia
1142 451 1301 535 primaria

168 554 314 638 pendeat,
345 553 502 636 particula
533 573 607 618 rero
638 553 695 617 καὶ
725 553 962 618 enuntiationes
991 573 1055 629 non
1086 553 1152 618 nisi
1187 573 1301 638 parem

167 657 269 721 locum
309 656 339 719 in
378 661 535 719 structura
570 663 714 720 tenentes
747 656 882 719 alteram
916 655 1009 720 alteri
1043 663 1211 732 annectet,
1245 657 1303 720 illa

168 758 327 824 iunctione
357 757 499 822 confusio
530 757 665 821 duarum
696 766 923 822 structurarum
955 757 1100 838 efficitur,
1133 779 1226 839 quae
1256 778 1303 822 co·

168 861 292 943 gitantli
317 861 431 925 rationi
455 879 648 943 magnopere
671 868 840 943 repugnat.

254 963 412 1047 Exempla
445 963 536 1027 liuius
566 969 754 1040 structurae,
785 981 869 1044 quae
891 969 1020 1047 praeter
1042 963 1303 1047 Aristophanem

168 1075 199 1129 ct.
214 1066 381 1130 Platonem
404 1064 560 1129 comicum
576 1064 599 1147 ¹)
623 1085 686 1127 non
709 1064 770 1128 nisi
795 1064 882 1148 apud
905 1085 961 1130 eos
983 1065 1161 1148 scriptores
1176 1066 1305 1130 Atticos

126 1207 132 1216 ·
170 1166 304 1232 inveniri
334 1167 468 1250 videtur,
498 1166 551 1249 qui
575 1185 752 1230 sermonem
775 1167 966 1232 familiarem
992 1167 1060 1231 sive
1084 1176 1209 1232 natura
1234 1169 1305 1232 sive

171 1270 303 1334 oonsilio
340 1274 530 1350 sequuntur,
567 1274 601 1332 ut
634 1268 721 1352 apud
751 1269 916 1334 Platonem
948 1275 979 1333 ct
1010 1267 1269 1352 Xenophontem
1280 1270 1305 1351 2)

169 1372 255 1456 apud
279 1379 421 1436 nostrum
445 1371 599 1434 cornicum
624 1369 703 1435 haee
725 1378 811 1455 sunt,
841 1391 924 1453 quae
947 1371 1086 1436 breviter
1109 1390 1305 1437 commemo

170 1495 260 1538 rasse
283 1474 437 1571 sufficiet:

259 1582 283 1642 1
312 1575 397 1641 κᾶτα
421 1575 624 1658 participium
649 1577 754 1658 sequit
756 1597 792 1640 nr
814 1577 863 1658 sig
845 1576 995 1641 unificans

256 1679 344 1764 a)et
373 1677 491 1741 deinde
521 1676 599 1761 (und
626 1678 728 1760 dann)
751 1679 832 1745 Nub
856 1699 906 1744 vr.
929 1681 990 1742 1118
1013 1675 1165 1763 (ἔπαθον
1189 1680 1302 1759 τουτί)

170 1774 287 1847 ὀπτῶν
308 1799 449 1866 γαστερα
475 1792 547 1855 τοῖς
575 1776 750 1864 συγγενέσι
778 1767 855 1844 κᾶτ’
878 1773 942 1846 οὐκ
966 1777 1070 1864 ε’σχαιν
1094 1772 1265 1868 ἀμελήσας
1276 1780 1302 1865 3)

171 1887 385 1951 dautran
416 1875 559 1998 (πτερου
579 1872 687 2000 γιε)
664 1908 710 1959 αις
740 1907 782 1947 αν
810 1880 892 1960 τους
922 1878 1039 1964 ξένους
1056 1879 1301 2004 καλεσάμενος

170 1972 273 2050 κᾶτ’.
288 1986 348 2071 ..1
375 2007 440 2049 κατ
472 1989 513 2048 αὐ
546 1983 705 2121 πέτορμαι
757 1988 816 2052 Av.
839 1989 900 2050 673
924 2006 970 2064 sq.
994 1975 1064 2049 ἄλλ
1088 1978 1206 2071 ὥσπερ
1229 1978 1300 2052 οιὸν

172 2085 214 2207 νι1
236 2081 283 2152 Δί’
307 2080 523 2171 ἀπολέψαντα
550 2078 724 2174 χρι11απὸ
754 2092 813 2174 τῆς
845 2089 991 2172 κεφαλῆς
1019 2084 1059 2153 τὸ
1089 2084 1196 2173 λέμμα
1220 2079 1300 2176 κᾷθ’

172 2183 264 2256 ου’τοο
279 2196 399 2271 φιλεῖν,
425 2189 477 2252 ubi
501 2199 564 2254 tres
587 2191 772 2275 particulae,
795 2210 876 2271 quas
898 2196 1056 2255 structura
1072 2210 1135 2254 non
1156 2192 1299 2274 requirit

173 2291 313 2357 cumulat
300 2299 354 2357 tae
384 2298 465 2356 sunt
510 2292 583 2377 lys
608 2296 669 2355 560
699 2287 910 2378 (γελοῑου)(1
891 2317 975 2358 οταν
997 2284 1150 2357 ἀσπὶὁ”
1134 2317 1222 2377 εχιον
1244 2294 1319 2373 καὶΙ

173 2390 328 2479 Γοργόνα
353 2418 403 2470 τις
433 2379 507 2480 κᾷτ’
530 2385 658 2477 οονῆται
688 2396 903 2478 κορακίνους
934 2415 995 2477 quo
1025 2395 1059 2458 in
1081 2415 1178 2459 versu
1202 2395 1299 2480 parti-

174 2498 290 2581 cipium
321 2497 417 2562 etiam
450 2497 687 2561 concessionem
711 2496 892 2578 significare
915 2503 1031 2581 potest,
1063 2505 1097 2560 ut
1119 2489 1208 2562 κᾶτα
1230 2517 1299 2563 rer-

173 2600 368 2664 tendumt
327 2598 383 2662 sit:
406 2598 471 2661 und
493 2597 584 2662 doeh.

259 2700 293 2787 b)
331 2699 515 2782 significans
552 2707 696 2768 attamen
733 2699 813 2784 (und
850 2701 944 2820 (leoli)
980 2702 1039 2782 Eq.
1063 2703 1121 2764 391
1150 2721 1197 2783 sq
1229 2692 1299 2766 ἀλλ’

174 2797 264 2889 ὅμως
297 2827 399 2878 ουτος
432 2805 590 2880 τοιοῐτος
623 2825 672 2867 ιον
710 2796 844 2867 ἅπαντα
880 2800 944 2869 τόν
973 2804 1058 2883 βίον,
1086 2803 1090 2888 1
1117 2795 1191 2869 xcia'
1215 2795 1299 2888 ανὴρ

175 2904 288 2990 ἔδοξεν
310 2902 397 2971 εἶναι
420 2905 498 2990 (vid.
522 2906 642 2992 snpra)

260 3012 287 3074 2.
320 3002 463 3074 κᾶπειτα
491 3009 696 3092 participium
728 3009 868 3091 sequitur
903 3009 1087 3091 significans
1120 3016 1152 3074 et
1183 3008 1300 3074 deinde

176 3112 254 3197 (und
278 3112 393 3196 dann):
430 3112 512 3179 Nub.
528 3115 588 3179 623
605 3132 650 3195 sq.
684 3110 806 3174 Chorus
827 3111 971 3193 nubium,
1000 3118 1186 3194 postquam,
1214 3111 1300 3192 quod

175 3212 388 3279 Athenienses
418 3214 602 3298 Hyperbolo
637 3215 895 3279 lrieromnemone
928 3215 1003 3277 anni
1035 3212 1299 3296 compositionem

175 3324 352 3401 mutassent
374 3321 407 3380 et
427 3315 548 3380 dierum
565 3317 717 3381 festorum
735 3316 877 3380 ordinem
894 3316 1076 3380 turbassent
1095 3317 1302 3398 vituperavit,

176 3418 225 3483 his
255 3419 362 3484 verbis
391 3419 507 3503 pergit:
541 3409 619 3484 ἄνθ’
636 3408 684 3483 ὧν
708 3415 820 3502 λαχοὸν
841 3409 1041 3503 Ὑπέρβολος
1061 3416 1064 3502 1
1084 3420 1183 3502 τῆτες
1213 3414 1301 3502 ἱερο-

174 3534 367 3607 μνημονεῖν,
390 3511 526 3586 κᾶπειθ’
541 3512 599 3603 «ὑφ’
614 3514 710 3605 ἡμῶν
805 3522 809 3608 1
829 3517 890 3587 τὸν
914 3517 1082 3603 στέφανον
1105 3510 1271 3603 ἇφγγρὲθρ.

260 3626 319 3690 Ar.
335 3627 406 3689 534.
430 3624 633 3689 Pithetaerus
656 3625 823 3708 rationem,
846 3645 910 3706 qua
927 3623 1072 3688 homines
1087 3640 1165 3687 aves
1181 3628 1305 3702 assent,

176 3727 337 3793 sollertem
352 3746 557 3810 magnacum
574 3727 796 3809 indignatione
812 3727 964 3811 explicat:
986 3726 1168 3811 τρίψαντες
1181 3723 1184 3809 1
1200 3748 1306 3791 κατα-

264 3917 286 3981 ¹)
302 3930 330 3968 v.
349 3912 438 3968 Kock.
456 3913 492 3966 ad
511 3913 582 3968 Nub.
601 3917 696 3968 aloa

263 4001 286 4064 2)
303 3998 360 4053 vid.
379 3995 525 4052 Heindorf.
548 3997 584 4050 ad
603 3996 704 4051 Phaed.
723 3998 798 4067 §893
822 3997 984 4052 Stallbaum.
1009 3997 1045 4050 ad
1063 3996 1148 4063 Gorg.
1167 4012 1194 4064 p.
1212 3998 1306 4068 457b3
1359 4028 1364 4035 -

177 4083 300 4138 Ktihner.
324 4084 359 4137 ad
383 4082 454 4137 Xen.
479 4082 582 4137 Comm.
600 4082 612 4134 I
631 4087 651 4148 1,
669 4086 699 4149 53
721 4080 864 4136 Biinrnlein
884 4082 1029 4135 Partikeln
1048 4098 1074 4150 p.
1093 4084 1154 4148 113;
1176 4079 1307 4138 Kttlrner.

177 4168 224 4222 Gr.
242 4170 289 4224 Gr.
308 4173 338 4235 ἐξ
356 4174 405 4224 led
423 4173 517 4222 anns
536 4175 565 4222 et
583 4171 640 4234 524,
654 4173 674 4220 l.

263 4257 286 4320 3)
305 4272 329 4308 v.
349 4253 439 4308 Kook.
459 4253 495 4306 ad
514 4253 538 4306 h.
554 4253 571 4305 l.
