2940 4898
227 275 320 334 18.

224 462 329 542 terea,
356 477 439 539 quae
453 463 495 527 ad
518 465 653 530 eandem
678 468 840 534 rationem
863 468 1020 549 pertinet,
1035 462 1222 530 eoniunotio
1248 462 1343 535 εἴτις.

223 572 312 638 Eeel.
328 582 401 639 687.
425 569 486 662 ὅτῳ
507 579 540 641 δὲ
555 576 591 658 τὸ
613 577 741 664 γράμμα
761 584 765 662 Ι
784 579 829 669 μὴ
848 576 1016 668 ’ξελκοσθῇ
1031 572 1106 644 καθ)
1129 572 1146 639 ὃ
1168 569 1340 660 δειπνήσει,

222 684 355 761 τούτους
378 684 537 759 ἀπελῶσιν
559 690 707 772 ἅπαντες,
754 701 817 765 AV.
846 705 939 764 1115.
974 692 1060 777 δμῶν
1084 689 1117 766 ὃς
1137 684 1177 756 ἂν
1199 687 1244 775 μὴ
1269 684 1341 776 μῆν’

223 802 286 892 ἔλθ’
306 805 311 882 Ι
330 799 407 868 ὅταν
435 810 527 898 ἔχητε
541 813 673 892 χλανίδα
700 809 823 900 λευκήν,
850 808 924 877 τότε
947 805 1080 893 μάλισθ’
1108 805 1191 873 οὕτω
1215 809 1326 892 δίκηνΙ

223 911 347 982 δώσεθ’.
392 922 488 988 Liaet
524 925 654 1005 quidem
683 926 943 992 enuntiationem
970 927 1032 990 hoe
1055 922 1149 987 modo
1174 920 1342 1002 intellegi3

221 1053 416 1117 quamquam
432 1040 512 1103 mihi
527 1040 738 1121 probabilius
754 1042 803 1107 ita
815 1042 948 1108 videtur
961 1038 1133 1121 explicari,
1159 1044 1197 1103 ut
1213 1042 1340 1118 poetam

221 1157 393 1233 protaseos
417 1153 609 1232 pronomine
633 1149 666 1230 ὅς
693 1156 867 1223 incohatae
892 1154 1028 1220 oblitum
1056 1152 1090 1218 in
1115 1152 1254 1233 apodosi
1281 1150 1344 1215 for·

221 1271 341 1335 manda
353 1269 490 1334 alterius
501 1274 630 1335 tantum
654 1276 839 1351 protaseos:
865 1263 942 1332 ὅταν
964 1265 1055 1353 ἔχητε
1078 1267 1208 1345 χλανίδα
1231 1259 1346 1348 λευκήν

221 1386 383 1451 rationem
406 1386 560 1451 habuisse
576 1392 771 1453 statuamus.
811 1368 954 1467 Reliqua
969 1387 1121 1468 exempla
1144 1390 1236 1450 sunt:
1262 1385 1345 1450 Nnb.

225 1508 308 1569 1135
332 1502 397 1574 πᾶς
422 1496 480 1584 γάρ
502 1518 555 1564 τισ
576 1495 695 1583 ὄμνιῖσ,
715 1489 761 1572 οἷς
795 1493 931 1580 ὀφείλων
960 1494 1102 1580 τιχχοίνιο
1122 1501 1127 1578 Ι
1147 1546 1176 1562 ..
1212 1493 1346 1564 ἀπολεῖν

222 1624 266 1701 με’
286 1633 372 1703 φησι.

310 1731 373 1795 Av.
399 1732 462 1790 526
479 1744 527 1805 sq.
544 1727 608 1797 πᾶς
623 1747 669 1796 τις
684 1718 735 1805 ἐφ’
759 1717 836 1803 ὑμῖν
852 1716 1042 1806 ίρνιδεντὴς
1061 1722 1065 1800 Ι
1084 1722 1184 1808 ἵστησι
1205 1720 1345 1809 βρόχους,

222 1849 366 1926 παγίδας,
391 1837 523 1934 ῥάβδους
542 1841 547 1918 Ι
567 1884 621 1901 ...
641 1833 646 1918 Ι
666 1828 734 1899 εἶτα
756 1828 905 1917 λαβόντες
924 1826 1064 1898 πωλοῦσ
1084 1829 1234 1919 ἀθρόους.

309 1957 389 2041 Lys‚
416 1965 490 2023 581,
536 1946 587 2012 κεί
611 1970 657 2019 τις
680 1938 794 2033 ὀφείλῃ
818 1948 862 2030 τῷ
891 1946 1037 2030 δημοσίῳ,
1061 1946 1113 2028 ικαὶ
1141 1941 1275 2020 τούτους
1298 1945 1341 2029 ἒχ-

220 2075 399 2153 καταμῖξαι.
1322 2046 1325 2055 1

309 2184 399 2251 Eccl.
425 2191 488 2248 a79
513 2200 561 2262 sp.
581 2174 634 2240 κεῖ
650 2199 697 2248 τις
719 2170 820 2248 δειλὸς
835 2179 1003 2259 γεγένηται,
1024 2176 1028 2249 Ι
1048 2174 1101 2237 ἵνα
1124 2172 1169 2262 μὴ
1195 2179 1343 2262 δειπναῑσ

222 2295 452 2381 αἰσχυνόμενοι.

309 2412 425 2476 Ann:
451 2409 598 2490 speeiem
622 2402 852 2469 anaooluthiae
875 2421 1118 2485 nonnumquam
1134 2427 1174 2472 ea
1191 2410 1341 2491 exempla

220 2526 353 2608 habent,
378 2523 554 2606 inquibus
585 2537 765 2603 pronomen
790 2515 923 2600 ἕκαστος,
946 2514 1091 2604 ἑκάτερος
1119 2523 1239 2590 similia
1271 2542 1340 2589 oum

220 2641 315 2706 verbi
337 2641 458 2722 plurali
480 2657 616 2706 numero
639 2637 814 2703 eoniunota
837 2641 923 2701 sunt.
964 2634 1055 2717 Quae
1080 2658 1138 2719 pro
1160 2641 1249 2707 veris
1265 2660 1342 2708 ana·

221 2756 361 2823 ooluthis
385 2776 466 2825 eave
490 2759 624 2824 habeas.
670 2753 753 2818 Nam
777 2752 835 2817 illa
858 2755 1053 2834 pronomina
1069 2755 1189 2836 quippe
1213 2757 1343 2837 apposi-

221 2873 321 2938 tionis
345 2873 415 2938 looo
440 2891 523 2954 quae
540 2875 680 2937 vocatur
704 2868 937 2934 distributivae
954 2870 1173 2937 substantivis
1190 2873 1343 2954 apposita

220 2991 357 3055 uerbum
381 2986 508 3052 finitum
531 3003 597 3050 non
621 2983 785 3067 regunt¹).
833 2982 932 3047 Cuius
956 2984 1043 3048 modi
1072 2985 1135 3051 duo
1159 2989 1246 3069 apud
1270 2990 1342 3055 Ari·

220 3104 414 3185 stophanem
423 3103 573 3184 exempla
585 3104 727 3181 exstant,
739 3116 837 3164 unum
853 3099 888 3162 in
903 3099 1096 3181 Babyloniis
1112 3104 1153 3168 ab
1170 3097 1341 3169 Athenaeo

222 3217 289 3299 (ΙΠ
319 3234 396 3297 pag.
425 3225 465 3282 86
496 3217 560 3300 sq.)
584 3218 753 3281 servatum
781 3214 915 3298 (fragm.
944 3223 986 3280 49
1017 3217 1147 3297 Dind.):
1174 3210 1342 3294 ἀνέχασκον

223 3323 268 3406 εἷς
290 3328 416 3402 ἕκαστος
445 3327 664 3413 ἐμφερέστατα
684 3330 688 3407 Ι
708 3324 907 3411 ὀπτωμέναις
929 3305 1090 3411 Ικόγχαισιν
1122 3327 1178 3393 ἐπὶ
1205 3335 1268 3396 τῶν
1291 3328 1341 3398 ἄν·

222 3440 361 3531 δράκοντι,
391 3442 531 3508 alterum
570 3444 605 3507 in
639 3442 890 3525 Eoolesiazusis,
923 3462 954 3508 v.
988 3453 1050 3509 207
1083 3445 1148 3528 ἰδία
1177 3442 1342 3510 σκοπεῖσθ’

222 3558 357 3639 ἕκαστος,
379 3550 427 3621 ὅτι
448 3580 495 3629 τις
516 3557 668 3640 κερδανεῖ,

747 3733 820 3814 §a

311 3879 364 3944 Au
387 3877 486 3943 aliam
514 3877 677 3942 rationem
708 3876 767 3942 illa
795 3876 946 3958 exempla
973 3880 1162 3945 reuocanda
1188 3890 1275 3968 sunt,
1310 3885 1343 3950 in

223 3996 340 4078 quibus
370 3998 523 4059 nentrum
561 3991 798 4056 adieetiuorum
831 3999 866 4059 et
896 3996 1124 4074 pronominum
1155 3998 1189 4063 in
1223 3997 1346 4080 plurali

225 4129 360 4177 numero
389 4110 532 4191 positum
567 4109 610 4174 ad
640 4128 738 4175 unam
763 4126 877 4175 vooem
906 4115 940 4175 et
974 4110 1143 4176 notionem
1179 4112 1344 4193 pertinet:

294 4283 315 4348 ¹)
334 4285 443 4335 Kllhner
460 4285 474 4345 Ι
493 4283 578 4343 406,7.
614 4282 719 4349 Kriiger
737 4284 748 4332 l
768 4284 781 4343 ξ
802 4288 842 4333 58.
861 4289 876 4332 4
896 4284 964 4333 Anu.
986 4289 1009 4332 5.
