2940 4898
259 299 300 358 32

256 467 351 559 οὖσιν,
375 468 538 552 lapaces
561 467 599 539 ἂν
623 471 716 564 ἰσώσῃ
738 470 981 558 colossicotera·
1002 479 1005 552 Ι
1096 476 1127 540 οἱ
1150 479 1183 543 δε“
1206 476 1380 545 σκώπτουσ

256 589 296 652 ἵν’
319 582 377 668 ἐγὼ
396 584 513 668 γελάσω
604 585 609 670 λ
653 582 711 654 κᾶν
732 586 777 674 μὴ
799 586 920 662 τούτοις
943 583 1230 672 ἀναπειθώμεσθα,
1254 588 1293 656 τὰ
1310 616 1379 656 παι-

256 694 336 786 δάρι’
359 693 459 774 εὐθὺς
481 695 611 765 ἀνέλκει.

341 813 414 880 Huc
444 819 597 895 spectant
620 814 719 881 etiam
750 833 805 881 vv.
830 815 914 881 Ran.
950 823 1033 880 1073
1065 835 1148 899 sqq„
1180 834 1377 898 quamquam

253 933 390 997 verbum
405 931 541 1013 finitum,
555 930 640 996 unde
652 928 861 1012 participium
873 928 1043 1011 singulare
1055 929 1209 1013 pendeat,
1227 932 1380 999 omissum

254 1055 288 1111 et
311 1067 352 1111 ex
375 1046 592 1111 antecedente
616 1045 737 1126 plurali
747 1043 767 1126 ¹)
793 1046 900 1110 animo
919 1044 1134 1125 supplendum
1159 1053 1219 1110 est.
1257 1049 1382 1130 Agitur

253 1161 436 1243 cenantis,
470 1162 510 1227 de
541 1161 657 1242 quibus
689 1160 872 1245 Aeschylus
896 1161 991 1226 dicit:
1023 1152 1080 1221 oin
1112 1152 1280 1225 ίπίστανι·’
1314 1159 1380 1229 ἀλλ’

252 1269 272 1358 ἣ
303 1276 405 1356 μᾶζαν
431 1275 558 1339 καλέσαι
588 1278 641 1338 καὶ
671 1281 852 1364 ῥυππαπαῖ
884 1275 999 1339 εἰπεῖν.
1052 1271 1101 1360 No]
1138 1270 1194 1340 τὸν
1225 1273 1382 1361 ’.ιλπόλλον

249 1387 362 1469 pergit
375 1387 531 1470 Bacchus,
552 1391 605 1453 καὶ
625 1388 842 1473 προςπαρδεῖν
859 1435 886 1457 .,
923 1380 1037 1468 κακβὰς
1059 1383 1130 1451 τινὰ
1143 1388 1382 1476 λωποδυτῆσαι.

251 1504 310 1564 νῦν
333 1495 515 1580 δ’ἄντιλέγει
536 1529 562 1563 κ.
584 1528 603 1565 τ
636 1504 663 1565 λ.

339 1613 399 1679 Cui
421 1615 571 1696 exemplo
595 1615 739 1698 adiungo
763 1617 846 1682 Nub.
872 1636 903 1680 u.
919 1626 992 1699 973,
1017 1616 1073 1682 ubi
1098 1618 1193 1683 verbi
1208 1618 1296 1685 finiti
1323 1639 1382 1687 nu-

249 1747 357 1795 merus
381 1730 483 1794 verbo
506 1729 718 1811 impersonali
741 1731 827 1811 quod
851 1738 988 1796 vocatur
1019 1731 1082 1798 ἔδει
1106 1733 1200 1813 quasi
1224 1736 1381 1801 obscura·

248 1853 302 1910 tus
326 1850 387 1910 est.
434 1843 537 1926 Λόγος
560 1852 676 1920 δίκαιος
696 1845 817 1928 prioris
840 1846 962 1911 aetatis
986 1865 1109 1910 morum
1134 1850 1377 1929 praestantiam

249 1959 435 2041 praedicat:
461 1956 495 2023 ἐν
518 1963 727 2045 παιδοτρίβου
751 1961 783 2025 δὲ
806 1961 995 2038 καθίζοντας
1017 1956 1072 2023 τὸν
1093 1958 1195 2047 μηρὸν
1211 1960 1276 2026 ἔδει
1298 1990 1376 2049 προ-

246 2075 381 2158 aaaron
401 2077 405 2152 l
424 2068 498 2144 τοὺς
521 2074 645 2152 παῖδας,
669 2067 754 2146 ὅπως
776 2081 843 2146 τοῖς
864 2070 986 2147 ἔξωθεν
1007 2073 1106 2158 μηδὲν
1129 2065 1267 2147 δείξειαν
1290 2071 1372 2162 ἄπη-

246 2191 304 2259 νίς·
324 2188 328 2265 l
349 2179 405 2249 εἶτ’
429 2173 470 2247 αδ
494 2178 592 2248 πάλιν
614 2172 710 2256 αὖθις
731 2178 939 2266 ἀνιστάμενον
962 2188 1137 2272 συμψῆσαι.

335 2298 610 2364 luculentissima
632 2295 842 2361 anacoluthia
864 2297 898 2360 in
922 2297 963 2362 iis
980 2299 1139 2380 exemplis
1163 2307 1314 2383 apparet,
1339 2300 1372 2365 in

249 2413 365 2495 quibus
389 2415 493 2480 verba
515 2412 609 2477 finita
638 2411 712 2492 ipsa
735 2409 806 2475 sine
837 2411 1021 2492 participiis
1053 2414 1163 2494 posita
1192 2415 1371 2497 singularis

246 2530 374 2595 numeri
398 2531 439 2594 ad
462 2528 594 2593 nomina
616 2526 671 2592 vel
693 2525 887 2608 pronomina
911 2526 966 2591 vel
988 2529 1092 2593 verba
1115 2529 1258 2610 pluralia
1274 2550 1369 2596 anec-

246 2649 371 2727 tuntur‚
396 2663 479 2725 quae
502 2649 540 2708 ut
562 2641 766 2724 proferamus
790 2641 950 2722 reliquum
975 2648 1035 2708 est.

335 2761 434 2842 Vesp.
458 2778 490 2823 v.
516 2766 577 2822 552
603 2777 650 2838 sq.
675 2749 711 2819 to
732 2758 844 2838 repaire
859 2755 918 2836 μὲν
931 2753 1058 2842 ἕρποντ’
1081 2755 1115 2832 ἐξ
1133 2752 1226 2844 εὐνῆς
1247 2761 1371 2847 capucio*

244 2868 301 2938 ἒπὶ
320 2884 400 2938 τοῖσι
424 2868 613 2956 δρυφάκτοις
633 2873 637 2950 Ι
657 2866 768 2954 ἄνδρες
788 2869 918 2952 μεγάλοι
936 2877 988 2937 καὶ
1013 2872 1232 2960 τετραπήχεις·
1249 2875 1368 2944 κᾶπεττ

245 2980 346 3059 εὐθὺς
373 2978 534 3068 προςιόνιι
578 2977 726 3065 ἐμβάλλει
752 3007 807 3062 μοι
842 2981 896 3067 rip·
926 2987 1003 3068 χεῖρ’
1036 2980 1172 3071 ἁπαλήν.
1218 2988 1368 3075 ἐμβάλλει

244 3098 348 3182 igitur
381 3098 423 3163 ad
458 3094 602 3176 plurales
626 3088 736 3176 ἄνδρες
757 3117 790 3173 μ.
812 3120 837 3154 κ.
859 3123 883 3158 ι.
916 3096 1077 3181 pertinet,
1118 3118 1223 3181 quem·
1254 3109 1367 3170 tamen

244 3230 411 3279 nnmerum
434 3210 586 3291 sequenti
609 3224 708 3273 versu
731 3207 840 3272 redire
864 3213 1042 3277 notandum
1066 3214 1159 3297 est-¹).

332 3328 407 3392 Pac.
433 3346 464 3392 v.
492 3336 553 3390 639
578 3344 626 3405 sq.
673 3323 854 3390 Mercurius
879 3334 1044 3394 oratorum
1068 3332 1277 3415 popularium
1307 3334 1365 3400 im·

243 3442 442 3524 probitatem
466 3449 565 3523 atque
589 3440 765 3505 avaritiam
781 3458 851 3505 cum
874 3444 948 3511 aliis
972 3452 1041 3512 tum
1057 3448 1108 3513 his
1132 3449 1244 3513 verbis
1261 3451 1365 3517 insec-

240 3566 347 3625 tatur:
375 3562 436 3622 τῶν
459 3558 492 3622 δὲ
521 3552 692 3638 συμμάχων
720 3555 820 3621 ἔσειον
850 3556 922 3635 τους
941 3573 1053 3642 παχεῖς
1064 3567 1116 3627 καὶ
1139 3563 1344 3649 πλουσίους,Ι

241 3673 345 3745 αἰτίας
379 3663 419 3735 ἂν
448 3673 681 3752 προςτιθίντες,
712 3664 752 3743 ὡς
784 3681 900 3756 φρονοῑ
918 3669 957 3736 τὰ
988 3679 1156 3761 Βρασίδου,
1191 3678 1234 3742 ad
1270 3695 1363 3758 quem

239 3792 443 3874 singularem
474 3793 592 3869 φρονοῖ
626 3789 919 3856 demonstrativum
950 3795 1036 3874 quod
1074 3793 1223 3874 sequitur
1249 3794 1363 3855 τοῦτον

240 3962 443 3970 m-

312 4060 333 4112 ’)
352 4055 385 4105 ei.
403 4052 528 4103 uritzseh.
547 4068 608 4103 ann.
627 4052 668 4101 ad.
689 4052 713 4106 h,
733 4053 750 4103 l.
873 4112 882 4131 Ι

307 4141 331 4206 ²)
349 4139 487 4190 Assentior
505 4137 627 4187 ltiehtero
645 4138 690 4200 qui
708 4152 784 4187 voces
801 4119 931 4201 perator
954 4120 1007 4183 καί
1028 4117 1236 4211 τετραπήχεις
1259 4146 1290 4194 de
1308 4150 1361 4197 reis

238 4231 320 4280 dictes
329 4242 385 4278 esse
395 4225 494 4285 statuit,
504 4230 532 4273 ut
541 4222 642 4287 opibus,
659 4222 753 4286 gratis,
763 4223 919 4273 auctoritate
929 4223 1113 4274 eminentibus.
1135 4227 1244 4279 Florem
1271 4229 1359 4282 Chris·

236 4317 322 4367 tienne
340 4321 366 4366 et
388 4309 517 4374 Reisigins
535 4305 627 4372 (Conj.
645 4323 669 4371 p.
691 4304 752 4370 153)
769 4307 874 4358 lictores
893 4317 918 4357 et
942 4309 1065 4360 ostiarios
1092 4312 1225 4376 designari
1253 4324 1358 4380 putent.
