2940 4898
302 503 396 586 Quod
431 522 673 586 nonnumquam
709 505 837 571 accidit.
884 503 978 570 Fieri
1019 504 1104 569 enim
1143 509 1267 588 potest,
1304 511 1342 572 ut

208 639 324 687 vocum
347 620 585 686 adiectivarum
609 638 714 702 genus
735 638 801 685 non
825 620 868 685 ad
883 638 987 702 genus
1005 621 1261 704 grammaticum,
1281 623 1341 687 sed

209 736 253 801 ed
269 754 374 818 genus
387 736 539 800 naturale
557 735 832 800 accommodatum
849 735 901 817 sit,
916 753 999 815 qnae
1016 736 1102 801 ratio
1125 738 1337 803 construendi

208 856 374 916 structura
395 847 475 913 nord
497 845 621 912 σύνεσιν
644 850 863 931 appellatum)
887 849 996 930 Atque
1012 851 1098 932 apud
1111 851 1194 916 alios
1210 858 1337 934 poetas,

208 967 242 1032 in
269 966 383 1048 primis
407 967 494 1046 apud
518 965 672 1046 tragicos,
697 965 857 1030 eiusmodi
885 965 1081 1031 anacolutha
1112 965 1342 1048 frequentiora

208 1081 391 1149 obveniunt
402 1081 483 1163 (vid.
501 1079 663 1145 Wrebelii
679 1080 923 1146 dissertationis
948 1098 1048 1162 supra
1067 1089 1340 1147 commemoratae

209 1216 308 1281 pagg.
328 1207 345 1262 9
363 1217 444 1278 sqq,
462 1195 548 1259 unde
561 1194 701 1275 plurima
714 1196 865 1277 exempla
881 1197 969 1276 apud
984 1194 1177 1277 Euripidem
1194 1198 1340 1264 inveniri

208 1317 357 1395 apparet,
383 1317 417 1376 et
432 1308 564 1375 Hartzii
587 1310 735 1390 opusculi
758 1328 834 1392 pag.
862 1309 928 1392 14.)
975 1310 1004 1374 Ε
1028 1310 1165 1376 Pindari
1188 1312 1340 1378 carmini-

208 1431 268 1494 bus
291 1427 501 1492 Erdmannus
525 1424 665 1506 inlibro,
691 1443 786 1504 quem
804 1425 937 1506 scripsit
961 1426 1000 1490 de
1026 1445 1086 1492 usu
1102 1426 1191 1492 illius
1215 1435 1336 1509 poetae

208 1542 400 1627 syntectico‚
425 1559 491 1604 non
515 1557 619 1620 panea
635 1539 786 1620 exempla
813 1539 958 1604 eiusdem
987 1546 1173 1606 structurae
1203 1544 1342 1626 collegit

207 1654 595 1737 ctc1·accavit·²)‚quaene
607 1673 628 1718 a
643 1653 858 1735 scriptoribus
872 1654 1000 1734 quidem
1013 1657 1129 1722 abesse
1142 1657 1307 1724 Gruterus
1313 1661 1339 1743 ³²)

205 1774 287 1839 locis
311 1793 352 1839 ex
376 1770 533 1837 Isocratis
562 1775 597 1835 et
626 1769 778 1834 Platonis
803 1774 837 1833 et
860 1769 1070 1853 Thucydidis,
1103 1772 1296 1856 Miillerus⁸l
1321 1796 1340 1840 e

206 1888 338 1971 Lysiae,
364 1883 564 1969 Storchius⁵)
589 1908 606 1950 e
629 1884 815 1949 Pausaniae
832 1885 964 1966 scriptis
980 1886 1092 1952 allatis
1109 1888 1338 1954 ostenderunt.

296 2028 393 2110 Apud
409 2028 665 2108 Aristophanem
684 2025 766 2090 haec
789 2025 1001 2091 anacoluthia
1013 2047 1148 2108 perraro
1161 2030 1340 2096 iuvenitur.

206 2145 246 2209 ln
269 2143 479 2209 affirmativis
502 2160 586 2222 quae
618 2144 779 2206 vocantur
810 2141 991 2206 enuntiatis
1020 2161 1062 2207 ne
1085 2162 1183 2208 unum
1208 2146 1338 2226 quidem

207 2259 389 2341 exemplum
415 2261 534 2339 exstat,
553 2275 628 2321 nam
644 2256 679 2320 in
702 2255 800 2337 Vesp.
819 2273 873 2321 vv.
900 2264 963 2320 687
988 2258 1066 2338 sql)
1090 2259 1146 2323 ubi
1161 2259 1337 2340 Buelyeleo

206 2374 294 2456 patri
316 2392 433 2439 munus
457 2372 622 2437 iudicandi
638 2371 779 2437 invisum
795 2370 905 2437 facere
929 2376 1074 2456 conatur,
1093 2375 1206 2454 paucis
1231 2378 1337 2442 obolis

207 2508 279 2555 enm
302 2489 449 2571 puerulis
472 2486 637 2552 nobilibus
661 2492 695 2551 et
718 2485 888 2551 dissolutis
911 2504 981 2550 cum
1006 2487 1186 2569 ignominia
1209 2492 1336 2558 servire

207 2606 445 2687 demonstrans,
477 2603 511 2667 ih
535 2601 660 2668 verbis:
685 2593 762 2663 ὅταν
794 2596 938 2673 εἰςελθὸν
970 2599 1133 2687 μειράκιόν
1168 2621 1215 2667 σοι
1243 2629 1336 2669 κατα-

207 2722 317 2799 πῦγον,
339 2723 479 2803 Χαιρέου
507 2711 579 2796 υἱός,
599 2714 604 2797 Ι
624 2708 680 2778 ὡδὶ
707 2709 823 2797 διαβάς,
847 2716 1041 2800 διακινηθεὶς
1061 2718 1105 2799 uqi
1136 2710 1256 2795 σώματι
1283 2721 1336 2781 καὶ

206 2833 449 2914 τρυφερανθείς,
470 2831 474 2909 Ι
494 2823 579 2912 ἥκειν
613 2826 689 2911 εἴπῃ
716 2833 864 2894 statuere
898 2827 985 2909 licei,
1011 2828 1187 2909 participia
1219 2825 1336 2912 διαβάς,

208 2944 408 3026 διακινηνείς,
431 2946 666 3025 τρυφερανθείς
687 2943 730 3006 ad
753 2942 995 3024 appositionem
1020 2937 1087 3014 νὶός
1110 2943 1287 3024 pertinere.

280 3224 301 3288 ¹)
320 3227 352 3276 ef.
371 3226 483 3275 Kiihner
508 3227 523 3277 l.
544 3243 566 3274 e.
584 3218 598 3286 ξ
616 3229 682 3285 35e.‚
706 3231 725 3273 l.
747 3223 869 3274 Ceterum
897 3225 960 3274 haec
979 3231 1148 3281 anacoluthia
1175 3247 1228 3280 non
1253 3234 1331 3282 unius

206 3311 313 3374 linguae
324 3309 439 3360 Graecae
454 3312 570 3374 proprie,
588 3312 633 3359 sed
653 3326 712 3359 eum
732 3311 758 3359 in
776 3311 867 3372 lingua
886 3310 981 3378 Latina
999 3315 1139 3377 invenitur,
1158 3315 1204 3380 (ei.
1225 3315 1330 3369 Griiteri

207 3395 338 3445 libellum:
357 3396 421 3445 iiber
439 3397 483 3444 die
501 3394 607 3459 Syneais
627 3396 689 3444 oder
708 3394 895 3445 Constructiou
915 3399 981 3448 nach
1001 3402 1059 3450 dem
1078 3400 1158 3451 Sinne
1177 3403 1204 3452 in
1225 3405 1270 3452 der
1288 3405 1335 3454 lat.

208 3483 260 3530 und
279 3481 377 3544 griech.
398 3480 525 3544 Spruchel
545 3489 600 3531 tum
623 3481 692 3544 apud
712 3488 816 3530 nostros
841 3488 932 3545 poetas
951 3487 1121 3535 usitatissima
1140 3496 1186 3537 est.
1223 3489 1335 3552 Saepius

207 3569 233 3616 in
251 3567 381 3631 Lessingii
399 3568 482 3615 nostri
496 3565 662 3631 fabulaquae
679 3566 842 3616 inscribitur:
862 3569 953 3619 Minna
971 3586 1020 3619 von
1037 3572 1176 3622 Burnhchn
1195 3575 1333 3635 invenitur,

207 3660 236 3703 ut
253 3652 286 3703 V.
305 3658 335 3713 33
353 3653 488 3716 praeclara
505 3654 625 3717 exempla
643 3654 720 3703 etiem
737 3653 764 3701 in
782 3652 903 3704 Schilleri
917 3656 1043 3705 carmine:
1065 3656 1120 3705 Des
1137 3659 1266 3716 Mlidchen
1285 3678 1332 3709 ens

208 3739 252 3789 der
272 3739 384 3788 urende
403 3745 517 3789 exstant.

276 3823 299 3887 ²)
317 3841 369 3888 mr
391 3833 401 3875 1
423 3840 463 3887 sn·

278 3906 301 3973 ³)
320 3911 337 3959 1.
357 3927 377 3962 e.
395 3925 447 3976 pag
469 3915 490 3959 l.

276 3994 300 4059 ⁴)
319 3997 335 4045 l.
354 4013 376 4046 c.
396 4011 449 4061 pag
470 3999 507 4043 16.

275 4078 300 4138 ⁵)
319 4082 335 4130 l.
356 4098 376 4131 e.
396 4098 448 4146 pag
466 4087 507 4131 36.
534 4132 537 4136 ,

276 4165 298 4225 ⁶)
316 4169 347 4217 In
366 4169 430 4218 loeis
449 4166 616 4217 numerandis
628 4165 695 4215 hanc
704 4168 832 4216 rationem
844 4172 1024 4222 securiacum,
1035 4172 1062 4214 ut
1080 4166 1106 4215 in
1115 4165 1212 4218 fabulis
1224 4168 1332 4233 integris

208 4253 313 4317 Bergkii
323 4254 464 4304 editionem
473 4251 683 4302 Teubnerianam
699 4252 816 4314 alterum,
835 4255 860 4302 in
882 4253 1035 4316 fragmentis
1048 4252 1177 4302 Dindorlii
1189 4239 1330 4305 Poetarum

207 4339 387 4393 scaenicorum
404 4336 565 4393 Graecorum
584 4335 725 4386 editionem
744 4339 860 4402 quintum
879 4335 1039 4388 adhiberem.
1213 4334 1217 4341 '
