2940 4898
167 288 207 348 72

252 453 286 535 b)
310 452 499 518 Consecutio
522 460 659 537 apparet
680 454 712 518 in
728 473 779 517 vr.
794 454 873 518 Ran.
885 456 945 517 367
959 454 991 535 ¹),
1013 454 1140 520 Thesm.
1157 461 1220 519 540
1238 479 1292 542 sq.,

167 554 282 638 quibus
304 554 336 618 in
358 554 439 619 locis
458 554 616 638 particula
633 550 704 620 εἶτα
720 556 838 620 nostris
853 555 997 622 vocibus:
1019 577 1063 638 so,
1085 557 1292 642 demgemltss

166 657 333 741 aptissime
354 657 549 741 exprimitur.

252 762 281 825 2.
312 757 427 824 ἔπειτα
447 766 522 844 post
545 759 748 843 participium

252 862 286 946 a)
317 862 552 926 concessionem
586 861 784 944 significans,
824 870 859 926 ut
890 864 1074 929 vertendum
1105 865 1147 928 sit
1180 872 1293 930 nostro

167 963 352 1045 „dennoch“.
394 961 470 1030 Aeli.
487 965 559 1044 497,
592 962 673 1028 Nub.
691 967 785 1041 1042,
819 965 946 1044 Aves,
981 966 1106 1030 Thesm.
1124 970 1194 1032 557.
1219 971 1295 1048 559,

168 1066 251 1132 ΕοοΙ.
266 1068 336 1130 296.

253 1171 280 1232 3.
312 1159 423 1244 οὕτως
445 1168 503 1231 Av.
520 1169 591 1246 717,
614 1168 695 1234 Plut
711 1171 781 1233 321.

253 1275 281 1335 4.
312 1259 378 1335 dos
400 1269 482 1334 Nub.
498 1273 567 1332 τοι.

253 1372 433 1457 Separatim
465 1391 577 1436 versus
598 1371 675 1438 Aeli.
691 1375 730 1436 23
746 1392 792 1455 sq.
816 1374 1084 1440 commemorandi
1115 1381 1203 1456 sunt,
1241 1377 1295 1441 ubi

167 1482 327 1542 structura
348 1475 461 1539 mirum
485 1474 518 1538 in
541 1474 669 1538 modum
692 1481 791 1557 atque
818 1496 1012 1561 magnopere
1034 1477 1196 1540 insuetum
1221 1499 1297 1562 par-

167 1579 265 1645 ticula
288 1572 359 1642 εἶτα
381 1596 451 1641 curn
475 1568 511 1641 δέ
534 1576 703 1642 coniuncta
731 1578 978 1662 interrumpitur.
1028 1579 1239 1662 Dicaeopolis
1264 1582 1296 1645 in

167 1681 299 1766 prologo
331 1680 396 1743 otio
426 1678 592 1743 cruciatus·
613 1670 686 1744 οὐδ’
702 1677 734 1743 οἱ
762 1676 956 1764 πρυτάνεις,
990 1681 1106 1762 inquit,
1138 1671 1297 1766 ἥκουσιν,

167 1774 240 1848 ἀλλ’
255 1773 404 1868 ἀωρίαν)
426 1775 579 1868 ἥκοντες,
612 1777 683 1847 εἶτα
712 1774 742 1847 d’
758 1773 961 1848 metrodorus
988 1786 1061 1859 πῶς
1088 1783 1224 1868 δοκεῖς)
1247 1783 1298 1849 ἐλ-

167 1882 289 1962 θόντες
312 1877 487 1969 ἀλλήλοισι
509 1885 586 1968 περὶ
608 1880 750 1968 πρώτου
773 1881 884 1964 ξύλου.

252 1988 347 2053 Hanc
376 1987 633 2070 anacoluthiam,
666 2007 736 2051 cum
767 1988 913 2071 reliqua,
946 2007 1030 2070 quae
1060 2006 1157 2070 supro
1191 1990 1299 2072 attuli,

168 2090 261 2156 huius
287 2089 413 2173 generis
440 2089 604 2173 exempla,
633 2090 665 2153 in
690 2090 808 2171 quibus
830 2084 913 2173 εἶτα,
943 2087 1056 2155 ἔπειτα
1079 2089 1200 2154 similia
1222 2112 1298 2173 par-

144 2226 147 2231 ·
166 2194 279 2277 ticipia
294 2199 477 2274 sequuntur,
499 2191 631 2275 linguae
646 2211 786 2276 graecae
802 2194 907 2277 ipsius
921 2193 1052 2277 propria
1067 2192 1138 2272 sint,
1160 2212 1182 2256 a
1196 2199 1296 2276 poeta

167 2295 299 2361 consilio
334 2293 511 2359 adhibitum
545 2314 617 2360 esse
650 2297 849 2380 putaverim,
889 2297 1075 2379 praesertim
1111 2313 1181 2358 cum
1217 2295 1297 2359 alibi

120 2382 126 2393 “
168 2396 288 2464 similia
310 2417 372 2461 non
395 2396 580 2461 invenerim.
624 2396 718 2462 Certe
741 2401 827 2464 enim
855 2403 959 2481 poeto·
975 2404 1133 2461 structura
1155 2397 1297 2480 primum

168 2499 338 2585 participio
355 2499 528 2581 retardata,
540 2505 607 2563 turn
624 2520 700 2565 vero
716 2499 885 2582 particulis
900 2495 970 2564 εἷτα
983 2495 1018 2565 δέ
1041 2498 1133 2581 quasi
1159 2501 1297 2565 remissa

167 2604 415 2686 magistratuum
440 2601 678 2667 festinationem
703 2602 810 2669 verbis
833 2603 930 2667 etiam
953 2603 1084 2688 pingere
1107 2603 1245 2669 volebat.

253 2704 425 2770 Nonnullis
447 2704 586 2787 denique
615 2705 695 2770 locis
723 2699 794 2771 εἶτα
818 2711 850 2771 et
877 2703 990 2770 ἔπειτα
1016 2715 1093 2771 ante
1123 2707 1298 2790 participia

168 2809 272 2892 posita
296 2807 411 2891 suntl)
435 2807 520 2888 quod
543 2808 622 2873 alibi
646 2828 720 2872 non
734 2809 861 2874 videtur·
883 2808 1026 2872 inveniri.

201 2992 203 2997 Ι
254 2909 348 2994 Apud
373 2909 619 2994 Aristophanem
649 2916 758 2975 autem
788 2911 864 2975 illae
896 2929 990 2974 roces
1021 2917 1095 2974 ante
1123 2910 1298 2995 participia

168 3020 200 3078 et
223 3013 270 3078 ita
292 3018 460 3095 ponuntur,
482 3020 517 3077 ut
542 3013 719 3096 simplicem
743 3013 998 3078 consecutionem
1014 3011 1162 3077 incohent
1186 3022 1218 3077 et
1241 3015 1298 3096 ita,

168 3121 220 3200 ut,
262 3135 333 3179 cum
364 3115 536 3199 participia
567 3115 803 3181 concessionem
838 3115 1030 3198 significent,
1074 3122 1183 3179 nostra
1216 3136 1296 3181 voce

168 3215 350 3303 ‚,dennoch“
389 3218 543 3282 vertenda
572 3218 672 3301 sint.³)
724 3218 807 3282 Illud
837 3218 871 3281 lit
904 3216 937 3281 in
960 3236 1011 3282 rr.
1031 3218 1112 3282 Nub.
1129 3217 1224 3301 860⁴)
1241 3237 1296 3299 sq.,

168 3320 222 3385 nbi
245 3317 449 3407 Strepsiades
471 3320 514 3385 ad
537 3319 634 3384 filium
659 3320 748 3384 dicit:
779 3314 850 3384 εἶτα
872 3322 922 3404 τῷ
942 3319 1044 3403 πατρὶ
1067 3315 1295 3403 latomere,-

168 3418 329 3507 ἐξάμαρτε
363 3441 418 3503 pro
448 3418 652 3507 πειθόμενος
685 3447 711 3486 τ.
741 3445 776 3486 π.
811 3416 884 3486 εἶτα
918 3416 1006 3504 ἓξάμ.
1040 3428 1072 3486 et
1101 3424 1183 3486 Plut.
1214 3427 1293 3484 root

168 3521 281 3589 ἔπειτα
304 3528 469 3589 πλουτῶν
484 3516 602 3589 οὐκέθ’
624 3515 740 3610 ἥδεται
756 3525 856 3607 φακῇ,
880 3543 963 3605 quae
984 3523 1082 3588 verba
1097 3523 1295 3608 [Chrenrylus

168 3627 246 3692 dicit
267 3625 484 3693 adulescentis
506 3626 709 3711 prudentiam
733 3626 877 3690 laudans.

254 3730 322 3794 Hoc
344 3727 558 3794 animadverti
588 3729 620 3793 in
652 3749 680 3792 v.
704 3730 778 3812 loys.
801 3731 872 3810 554,
901 3728 953 3791 ubi
983 3727 1097 3792 olrorus
1125 3728 1295 3792 mulierum

257 3919 277 3981 ¹)
295 3914 331 3970 cf.
349 3913 451 3971 Devar.
469 3933 496 3986 p.
508 3920 547 3968 78.

254 4005 277 4067 r)
295 4001 380 4055 Falso
392 4001 479 4070 igitur
490 4001 635 4068 Krligerus
648 4001 695 4055 Gr.
708 3999 754 4054 Gr.
770 4000 783 4053 1
800 4000 867 4068 §ott
886 4004 925 4066 tlt,
941 4004 955 4052 3
974 4000 1057 4053 etiam
1077 3990 1138 4053 siro
1151 4006 1179 4053 et
1192 3992 1294 4053 ἔπειτα

168 4102 225 4140 non
243 4086 297 4141 nisi
316 4093 381 4155 port
398 4085 546 4155 participia
563 4085 629 4154 poni
649 4084 801 4139 contendit.

255 4176 277 4236 3)
294 4172 329 4225 cs.
348 4171 503 4225 Biiumlein.
521 4171 626 4224 Partilr.
644 4187 670 4238 p.
684 4175 739 4223 112.

254 4261 278 4325 ⁴)
296 4274 321 4311 v.
341 4256 491 4309 Hermann.
509 4256 544 4308 ad
562 4253 627 4323 Vig.
646 4272 673 4324 p.
686 4258 743 4308 772.
