2940 4898
192 299 231 359 12

184 483 379 565 explendam
396 484 604 566 participium
618 477 711 556 οὕσος
735 486 788 551 vel
804 478 923 568 δρώσας
947 481 1206 549 subaudiendum
1223 482 1281 546 est.
1299 482 1312 562 )

182 599 424 681 Aristophanes
448 601 542 682 euim,
567 608 605 666 ut
628 602 777 682 epitheta
800 604 841 667 ab
857 599 1017 680 Euripide
1041 616 1141 678 saepe
1164 595 1315 662 adhibita

184 715 298 780 eadem
326 714 431 779 forma
461 724 638 797 repeteret,
664 717 798 782 ludibrii
821 735 920 782 eausa
951 716 1034 779 hano
1058 714 1225 779 licentiam
1250 712 1314 776 sibi

185 831 332 911 sumpsit.
364 831 435 895 Hae
451 832 580 897 ratione
597 832 805 897 Godoti‘edus
821 832 1029 896 Hermamms
1045 831 1066 894 l.
1084 850 1110 894 e.
1128 829 1313 910 exemplum

185 945 284 1010 etiam
320 946 429 1027 priore
461 947 531 1011 loeo
563 954 777 1011 memoratum
816 941 888 1030 (rho
912 940 1055 1030 proper)
1091 951 1125 1010 et
1155 944 1315 1009 nonnulla

185 1059 305 1125 similia
329 1061 488 1141 explicari
504 1061 584 1126 vult.
633 1061 697 1126 Sed
719 1080 759 1126 ex
776 1062 882 1127 tribus
899 1062 1068 1144 exemplis,
1094 1080 1178 1141 quae
1195 1080 1313 1141 propo-

187 1175 263 1258 suit,
290 1195 329 1241 oa
354 1182 491 1257 tantum,
518 1194 636 1255 «praee
660 1175 795 1241 Pindari
819 1178 917 1259 Pyth.
942 1178 989 1242 IV
1014 1196 1045 1242 ν.
1072 1184 1135 1241 443
1160 1182 1195 1241 et
1217 1176 1314 1240 Euri·

185 1290 269 1372 pidis
292 1292 469 1373 Iphigenia
485 1291 604 1356 Aulide
629 1293 671 1371 (u.
700 1293 777 1373 794)
802 1298 878 1357 sunt
902 1293 1105 1374 deprompta,
1132 1291 1253 1372 quippe
1279 1291 1312 1355 in

184 1407 301 1487 quibus
318 1406 538 1488 substantivo,
557 1406 596 1471 de
621 1407 737 1486 quibus
766 1415 896 1490 agatur,
922 1408 1140 1488 appositionis
1163 1408 1234 1472 looo
1259 1426 1314 1486 po·

184 1523 250 1588 sita
281 1522 357 1604 sint,
395 1539 461 1586 non
493 1528 602 1586 tamen
634 1529 780 1587 nostrum
811 1523 917 1587 looum
944 1523 1001 1587 illo
1035 1523 1130 1588 modo
1163 1521 1316 1602 intellegi

187 1657 283 1719 posse
307 1657 435 1703 oenseo.

272 1754 423 1835 Denique
440 1755 746 1819 commemoratione
763 1772 828 1818 non
845 1754 984 1836 indigna
1002 1760 1080 1819 sunt
1103 1755 1165 1819 duo
1182 1755 1315 1820 nomina

189 1870 385 1952 personalia,
422 1888 515 1952 quae,
548 1888 742 1950 quamquam
767 1868 915 1933 omnibus
945 1869 1020 1934 aliis
1043 1870 1124 1935 loeis
1147 1871 1317 1935 masculini

187 1986 321 2069 generis
337 1989 422 2067 sunt,
441 1986 482 2048 ab
498 1985 721 2066 Aristophane
737 1983 926 2066 periodum,
952 1990 989 2049 ut
1011 1984 1152 2066 uidetur,
1177 1986 1315 2052 articulo

189 2100 345 2166 l'eminino
369 2100 545 2166 coniuncta
569 2100 611 2164 ad
645 2098 819 2164 t'emininas
863 2100 1040 2179 pertinent.
1087 2099 1179 2166 Haeo
1221 2109 1313 2167 sunt:

185 2209 205 2310 lp
227 2210 394 2302 σοοοοηγός
410 2214 498 2279 Eool.
519 2223 594 2279 491.
613 2218 685 2280 500.
712 2215 811 2294 727²)
837 2221 872 2279 et
895 2207 913 2298 ἡ
935 2210 1111 2299 κιθαρῳδός
1126 2215 1215 2281 Eool.
1241 2224 1313 2299 739,

186 2333 272 2414 quod
283 2332 363 2398 alibi
374 2351 440 2395 uon
458 2335 569 2395 exstat
577 2329 602 2412 ⁵²)
620 2336 752 2410 praeter
764 2330 998 2410 Aloiphronem
1014 2332 1107 2414 (3,,ο)
1125 2332 1181 2412 qui
1196 2333 1314 2399 habet:

172 2442 363 2534 κιθαρῳδός
384 2440 469 2529 γυνή.

275 2564 389 2645 Neque
414 2581 494 2627 vero
519 2561 582 2625 hue
610 2562 778 2642 pertinent
807 2561 931 2626 formae
963 2563 1091 2628 numeri
1127 2562 1233 2630 dualis
1264 2560 1317 2639 roi,

188 2686 265 2758 univ,
288 2673 376 2759 τώδε,
400 2679 513 2755 τοῖνδε,
540 2671 801 2756 morinummontem
841 2693 911 2739 duni
947 2671 1131 2743 lihidinibus
1167 2678 1316 2743 i'elllihihi

188 2799 320 2879 generis
344 2799 556 2875 eoniunotae3
581 2799 660 2860 snut
681 2794 767 2859 enim
792 2792 924 2876 generis
948 2792 1170 2875 eonrnrnnis.⁴)

717 3021 789 3102 §A

274 3146 347 3210 Non
370 3145 489 3211 desunt
504 3147 591 3229 apud
614 3145 770 3211 eomioum
793 3147 941 3208 nostrum
965 3144 1177 3225 exemplam
1201 3145 1317 3225 quibus

189 3281 286 3328 voees
310 3261 495 3328 adieetivae
519 3282 625 3345 neque
641 3261 794 3328 naturale
826 3258 1110 3326 substantivorum
1141 3279 1246 3342 genus
1269 3279 1318 3323 se·

190 3385 334 3461 ‹prrmtur
358 3399 464 3460 neque
490 3378 748 3462 grammaticum.

279 3495 379 3560 (luins
403 3495 535 3577 generis
560 3495 791 3561 anacoluthiae
823 3495 910 3576 apud
933 3496 1080 3574 tragieos
1104 3500 1221 3576 poetas
1246 3511 1316 3558 sae·

190 3613 262 3693 pius
286 3612 510 3693 inveniuntur,
546 3611 703 3691 equibus
728 3610 917 3675 Wrobelius
950 3612 985 3693 (l.
1011 3632 1037 3675 ο.
1062 3631 1139 3694 pag.
1168 3621 1206 3676 19
1232 3604 1317 3689 sqq.)

191 3745 256 3791 non
280 3744 401 3808 paneas
418 3725 563 3807 collegit.
612 3726 704 3792 Haeo
720 3729 871 3810 exempla
896 3728 1089 3809 plerumque
1114 3729 1162 3795 ita
1178 3726 1319 3791 tbrmata

265 3918 286 3977 ¹)
305 3919 357 3968 vid.
377 3917 489 3981 Blaydes
508 3919 540 3968 ad
568 3919 592 3966 h.
611 3918 627 3968 1Ι
647 3927 672 3968 et
691 3918 723 3967 cl.
735 3920 817 3969 Oscar
827 3919 968 3980 Erdmann‚
985 3920 1016 3968 de
1033 3917 1108 3970 Pind.
1119 3935 1158 3968 us.
1168 3925 1235 3984 synt.
1256 3932 1282 3980 p.
1298 3921 1317 3962 l-

261 4005 285 4065 '·')
305 4003 392 4054 Unum
411 4011 545 4066 praeterea
569 4005 718 4068 exemplum
738 4006 808 4067 opud
828 4004 976 4054 Manuelem
995 4005 1096 4054 Philem
1122 4005 1262 4069 premnm
1280 4002 1320 4050 in-

192 4088 873 4154 veniturinBandin.Rib1.Med.vol.2pegma
901 4073 950 4135 ool
986 4077 1025 4159 tp
1062 4075 1221 4160 προοηγῷ
1256 4072 1319 4133 τῶν

193 4162 313 4244 βροτῶν
345 4150 517 4242 ὖπερμάχῳ
540 4175 633 4239 (Heur.
654 4174 741 4238 Stepb.
762 4176 826 4225 thes.
847 4173 937 4224 Graec.
957 4178 1020 4240 ling.
1041 4176 1100 4226 VII.
1119 4192 1144 4240 p.
1165 4174 1235 4226 Sibi

264 4259 289 4323 ²¹)
309 4279 331 4313 v.
352 4260 431 4310 llenr.
452 4259 542 4325 Steph.
561 4260 578 4309 1.
601 4276 622 4309 o.
643 4276 663 4308 s.
684 4275 706 4308 v.

264 4329 288 4393 ⁴)
308 4347 331 4383 v.
352 4330 469 4381 Kiihnor.
491 4331 505 4391 ᾖ
524 4334 573 4382 398
593 4345 653 4380 ann.
675 4336 698 4379 2.
