2940 4898
339 475 493 539 Annot:
542 473 607 538 Ubi
642 480 741 556 poeta
779 475 1006 558 praedicatum
1044 475 1200 541 liberiore
1241 475 1380 557 quodam

253 591 349 656 modo
374 590 416 655 ad
441 591 621 657 subiectum
646 588 772 655 referre
797 590 912 671 voluit,
938 590 1034 654 bnins
1058 609 1181 673 genere
1206 589 1303 673 plane
1327 609 1383 653 ne·

251 708 360 788 glecto
396 707 597 772 adiectivum
642 705 824 788 praedicati
859 705 963 770 locum
999 712 1118 773 tenens
1153 710 1186 773 iu
1222 707 1387 789 singulari

250 824 400 888 neutrius
436 824 568 905 generis
608 823 771 904 apposuit.
826 820 1036 887 Cuiusmodi
1071 825 1230 906 exempla,
1268 824 1386 904 quibus

252 941 401 1005 omnibus
430 941 598 1004 sententia
629 936 789 1017 quaedam
823 940 1001 1003 communis
1034 940 1238 1020 exprimitur,
1250 939 1271 1019 ¹)
1298 938 1386 1018 apud

252 1055 510 1137 Aristophanem
546 1055 627 1118 haec
663 1058 755 1116 sunt:
794 1053 892 1135 Vesp.
930 1064 982 1120 27.
1020 1052 1124 1118 δεινόν
1162 1049 1194 1132 γέ
1228 1075 1293 1115 πον
1328 1044 1388 1112 ’στ’

253 1163 425 1253 ἅνθρωπος
447 1161 618 1248 ἀποβαλὼν
648 1159 742 1231 ὅπλα.
774 1171 851 1235 ibid.
877 1179 952 1236 834.
977 1165 1018 1244 ὡς
1031 1170 1134 1236 δεινὸν
1156 1165 1175 1254 ἡ
1200 1170 1386 1252 φιλοχωρία.

251 1287 339 1351 Eccl.
380 1294 451 1350 115.
477 1278 580 1347 δεινὸν
605 1276 721 1350 δ’ἐστὶν
747 1277 763 1367 ἡ
778 1280 822 1365 μὴ
838 1278 991 1370 'maeleim
1020 1290 1098 1356 ibid.
1134 1298 1207 1355 236.
1239 1281 1389 1371 χρήματα

253 1402 393 1485 πορίζειν
426 1394 652 1483 εὐπορώτατον
686 1397 771 1483 γονή.
816 1405 902 1468 Plut.
938 1413 988 1470 35.
1028 1426 1077 1488 sq.
1104 1401 1159 1467 τὸν
1182 1398 1284 1467 δ’νὶὸν
1318 1454 1323 1463 ,
1350 1453 1356 1462 .
1382 1452 1387 1462 .

252 1514 334 1584 εἶναι
357 1522 547 1599 πανοῦργον,
568 1509 683 1599 ἄδικον,
709 1513 787 1598 ὑγιὲς
809 1518 889 1603 μηδὲ
914 1517 966 1603 ἐ’ν;
991 1523 1069 1588 ibid.
1096 1532 1170 1589 203.
1196 1513 1384 1585 δειλότατον

254 1629 334 1708 ἔσθ)
361 1627 378 1696 ὃ
406 1634 552 1706 πλοῦτος.
585 1636 665 1700 Ach.
705 1646 799 1702 1116.
835 1633 972 1723 πότερον
995 1634 1118 1723 ἀκρίδες
1147 1631 1234 1722 ἥδιόν
1260 1631 1349 1699 ἔστιν
1371 1629 1391 1698 i*

252 1757 369 1835 κέκλιτο
392 1752 479 1817 Plnt.
500 1760 572 1817 782.
591 1747 631 1825 ὡς
651 1746 792 1830 χαλεπὸν
814 1754 843 1815 ot
858 1755 991 1837 ‹pctus-'l
1009 1755 1187 1822 Fischerus
1210 1755 1263 1835 (ad
1280 1755 1389 1819 Arist.

252 1870 340 1935 Plut.
365 1889 396 1935 u.
424 1865 510 1944 782.)
535 1873 569 1931 et
585 1865 828 1946 Hoogeueenus
854 1869 910 1950 (ad
927 1868 1002 1954 Vig.
1027 1890 1057 1950 p.
1078 1871 1134 1952 63)
1159 1872 1200 1936 ad
1224 1870 1390 1936 eiusmodi

252 1991 372 2050 neutra
400 1982 612 2048 substantiva
641 1983 754 2066 χρῆμα,
786 1986 916 2067 πρᾶγμα
946 1991 1004 2049 aut
1034 2002 1213 2066 pronomen
1236 2013 1276 2068 ro,
1301 2006 1389 2068 quae

253 2118 352 2163 voces
391 2116 635 2179 nonnumquam
680 2096 813 2162 additae
860 2107 946 2181 sunt,
987 2099 1158 2165 subaudiri
1197 2101 1388 2166 voluerunt.

252 2215 360 2280 Hodie
375 2215 409 2278 in
432 2218 551 2278 neutro
567 2212 639 2293 ipso
657 2211 846 2293 generalem
863 2213 954 2279 illam
979 2214 1145 2279 notionem
1168 2215 1277 2280 inesse
1295 2215 1387 2279 inter

254 2350 366 2399 omues
390 2334 531 2395 constat.

727 2502 835 2584 Caput
856 2504 901 2569 II.
940 2565 943 2571 .

628 2621 856 2687 Anacolutbiae
877 2625 1009 2688 numeri.

345 2747 465 2813 Omnes
490 2764 597 2826 voces,
624 2761 707 2823 quae
731 2749 866 2824 praeter
889 2747 1134 2813 substantivum
1151 2753 1186 2812 et
1201 2764 1383 2827 pronomen

255 2863 429 2946 personale
453 2877 623 2925 numerum
652 2858 784 2941 babent,
810 2858 948 2923 formam
972 2860 1067 2925 huius
1092 2861 1217 2926 numeri
1241 2859 1283 2924 ad
1307 2860 1384 2922 sub-

252 2978 404 3044 stantiva
427 2983 485 3043 aut
508 2975 702 3057 pronomina
725 2993 785 3039 sua
808 2977 1052 3040 accommodent
1074 2993 1209 3040 necesse
1233 2980 1293 3055 est,
1319 2991 1386 3053 qua

253 3095 328 3176 lege
364 3092 520 3176 neglecta
559 3087 771 3158 anacoluthia
802 3094 930 3156 numeri
959 3094 1095 3158 exritur.
1135 3089 1241 3155 Huius
1273 3089 1384 3170 egitur

252 3210 470 3277 ruriacoluthiae
495 3210 627 3293 generis
652 3224 736 3286 quae
753 3207 821 3270 sint
844 3206 930 3287 apud
947 3206 1102 3271 comicum
1120 3202 1272 3285 exempla
1296 3219 1385 3266 nune

254 3329 435 3395 videamus.

406 3448 429 3512 l.
453 3444 590 3512 Pluralis
614 3460 764 3509 numerus
787 3460 844 3528 pro
867 3443 1023 3524 singulari
1047 3442 1231 3528 usurpatur.

776 3559 849 3639 §t

342 3687 425 3752 Pars
456 3679 727 3749 anacolutlrorum
759 3681 821 3745 huc
852 3680 1072 3762 spectantium
1108 3682 1274 3743 structura
1306 3670 1388 3740 κατὰ

255 3800 381 3871 σύνεσιν
412 3817 513 3882 supra
536 3797 601 3861 iarn
632 3799 812 3860 memorata
843 3792 1002 3878 efficitur,
1036 3813 1120 3879 quae
1153 3790 1304 3871 exemplo
1331 3787 1386 3853 bic

256 3937 384 4001 qnoque
408 3917 513 3998 primo
538 3911 609 3976 loco
633 3909 753 3975 afferre
770 3909 878 3975 liceat.
912 3908 976 3975 Sed
1000 3929 1065 3976 nou
1089 3913 1138 3977 ita
1160 3906 1264 3974 multa
1287 3923 1386 3987 appa

254 4042 347 4117 rent3
373 4030 614 4099 adiectivorum
646 4027 733 4091 enim
756 4024 1069 4108 participiorumque
1084 4024 1227 4108 pluralia
1250 4023 1292 4086 ad
1316 4021 1389 4086 snb

327 4226 347 4282 ι)
367 4214 924 4284 Kiihuer§360mit.ldadv.eynt,§1b„1
953 4221 983 4278 ³3
1002 4218 1035 4267 cf·
1057 4220 1135 4268 etiam
1148 4213 1253 4262 Wwbel
1270 4214 1311 4262 1¹0
1330 4217 1390 4275 με,

328 4307 350 4371 ·’)
369 4307 403 4369 of,
423 4308 529 4358 Richter
548 4308 563 4356 l.
584 4301 639 4361 οξ
665 4308 705 4353 36,
