2940 4898
167 288 207 347 46

169 449 1285 541 vfflssmffimusswbfflwfflwffimwmfiwffi

166 557 264 621 nimis
286 557 441 623 violenter
464 559 600 623 coniicit.

253 663 296 725 At
318 661 394 724 ordo
418 681 577 744 versuum,
612 662 763 742 quoniam
794 661 892 727 verba
923 653 989 746 ἐγώ
1020 661 1080 745 μὲν
1112 656 1191 727 οἶδα
1220 683 1285 727 cum

169 762 316 827 versibus
339 763 601 828 antecedentibus
624 763 752 828 omuino
774 785 837 828 non
860 763 1038 846 cohaerent,
1061 764 1139 846 quin
1163 765 1287 831 defendi

169 871 317 948 nequeat,
338 864 457 930 nemini
478 885 543 930 rem
565 866 669 930 sobrie
685 866 899 931 consideranti
915 865 1044 930 dubium
1061 866 1166 932 videri
1182 874 1289 951 potest,

166 973 198 1031 ct
221 966 361 1049 Bergleri
384 967 599 1050 explicatione
622 967 675 1031 vir
699 969 874 1050 quidquam
902 967 1048 1050 frigidius
1069 967 1241 1035 invenitur.

252 1068 342 1148 Quae
374 1089 445 1133 cum
475 1070 522 1133 ita
552 1070 623 1154 sint,
652 1091 763 1143 versus
793 1077 848 1136 aut
878 1070 920 1135 ab
949 1069 1167 1169 Aristophane
1197 1072 1290 1156 plane

167 1170 373 1237 abiudicandi
409 1178 440 1236 et
472 1173 681 1255 grammatico
720 1173 848 1238 cuidam
883 1172 1043 1238 tribuendi
1076 1179 1158 1255 sunt,
1197 1194 1291 1255 quarn

167 1272 342 1338 Aristarchi
366 1274 501 1339 sortasse
531 1276 723 1340 seutentiam
748 1276 846 1340 fuisse
868 1274 1062 1339 Fritusohius
1085 1276 1293 1360 comprobare

167 1376 282 1460 studet,
304 1383 361 1442 aut
383 1376 459 1441 ordo
483 1396 591 1443 eorum
614 1378 864 1462 transpositione
879 1377 1050 1441 mutandus
1073 1385 1131 1441 aut
1145 1377 1237 1443 locus
1252 1377 1294 1443 ad

167 1479 341 1544 secundam
365 1480 527 1545 Ranarum
551 1480 723 1545 editionem
750 1482 790 1547 ab
814 1479 1031 1564 Aristophane
1053 1480 1125 1564 ipso
1149 1486 1294 1546 curatam

168 1582 367 1647 revocandus
390 1588 445 1647 est

256 1684 348 1748 Hanc
363 1684 554 1749 sententiam
572 1682 759 1748 Dindorfius
780 1691 811 1749 et
827 1683 984 1766 Berghius
1000 1683 1185 1767 defendunt,
1208 1685 1294 1750 illam

168 1785 344 1867 Dobraeus,
375 1785 517 1868 Bothius,
546 1785 740 1850 Frituschius
769 1786 995 1870 probaverunt,
1030 1786 1182 1870 primam,
1213 1805 1294 1868 quae

169 1886 247 1952 milri
272 1907 398 1970 quoque
429 1887 662 1953 verisimillima
691 1888 829 1969 ridetur,
856 1895 983 1972 praeter
1011 1886 1235 1953 Aristarchum
1264 1893 1294 1954 et

168 1989 370 2074 Apollonium
395 1990 548 2071 Bentlcio,
565 1989 929 2076 Br·unckio,‘3Welcker0,
944 1990 1142 2074 Hermanno,
1168 1990 1292 2057 Kochio

169 2092 309 2157 maxime
331 2092 445 2176 placet.
468 2130 509 2138 —-
532 2093 715 2176 Tantopore
730 2093 868 2158 virorum
893 2094 1056 2157 doctorum
1073 2092 1193 2157 iudicio
1216 2093 1293 2158 inter

170 2194 386 2260 aefflfflm.

256 2297 325 2380 Ego
359 2302 529 2381 propterea
564 2294 726 2358 homiuum
764 2303 906 2362 extremo
939 2298 1009 2361 loco
1047 2303 1292 2362 memora-torum

170 2399 379 2481 sententiam,
411 2399 514 2462 locum
545 2395 689 2462 versibus
718 2399 876 2481 suspectis
904 2399 1007 2480 iisque
1037 2399 1090 2482 qui
1120 2406 1293 2482 sequuntur

174 2504 393 2581 1452-1453,
409 2499 464 2583 qui
480 2500 522 2563 ad
538 2499 612 2563 illos
627 2498 796 2582 pertinent,
811 2499 920 2565 eiectis
936 2502 1055 2585 optime
1070 2503 1181 2567 sanari
1194 2521 1294 2598 posse,

171 2605 369 2688 sequendam
392 2623 462 2669 esse
478 2602 623 2685 arbitror,
639 2602 723 2684 quod
738 2624 767 2668 v.
786 2607 865 2666 1442
889 2603 935 2668 ita
951 2624 1021 2669 curn
1039 2626 1067 2672 v.
1087 2607 1167 2669 1436
1183 2605 1293 2671 cohae-

171 2714 229 2792 ret,
261 2713 294 2771 ut
326 2704 404 2770 nibil
435 2705 633 2771 desideretur
671 2713 702 2770 et
731 2706 831 2771 oratio
862 2707 1033 2792 perspicua
1064 2714 1095 2772 et
1125 2709 1295 2774 emendata

170 2810 332 2895 procedat,
362 2808 555 2873 mutationes
585 2815 693 2873 autom
717 2816 850 2894 ceterae,
880 2830 961 2892 quas
990 2810 1134 2893 singulas
1164 2811 1294 2877 reiicere

174 2910 308 2997 (quippe
331 2910 416 2993 quod
440 2930 460 2974 a
487 2911 564 2975 viris
587 2912 842 2977 commemoratis
866 2911 1087 2977 satisfactum
1111 2911 1167 2997 sit)
1191 2932 1296 2997 super·

171 3033 349 3080 vacaneum
373 3018 431 3096 est,
453 3033 557 3096 neque
580 3014 622 3078 ad
645 3019 785 3078 nostram
809 3014 1027 3097 quaestionem
1051 3015 1294 3096 grammaticam

173 3122 305 3201 spectat,
327 3116 517 3182 coniecturis
561 3116 666 3199 magis
689 3136 786 3198 quam
810 3116 903 3182 certis
925 3117 1122 3199 argumentis
1143 3119 1294 3182 nituntur.

172 3219 339 3298 Quomodo
369 3238 444 3285 vero
467 3218 513 3282 illi
543 3238 655 3285 versus
678 3219 819 3303 suspecti
842 3218 874 3282 in
898 3218 1072 3291 orationem
1101 3219 1295 3304 irrepserint,

172 3321 287 3405 quibus
322 3341 406 3386 nunc
438 3322 558 3387 utimur
590 3321 719 3387 auxiliis
757 3327 843 3386 certa
875 3322 998 3387 ratione
1031 3322 1199 3406 explorare
1232 3342 1294 3387 non

172 3443 350 3508 possumus.

257 3529 285 3590 2.
308 3526 534 3592 Nominativus
565 3525 786 3592 anacoluthice
815 3527 862 3591 ita
891 3526 1029 3611 ponitur,
1059 3531 1105 3608 ut,
1132 3526 1160 3590 si
1189 3526 1293 3610 legem

172 3628 416 3712 grammaticam
439 3637 575 3714 spectas,
597 3628 727 3693 dativus
750 3627 966 3713 1·equiratur.¹)

258 3731 423 3818 Exempla,
439 3751 522 3813 quae
538 3731 598 3796 huc
613 3729 780 3815 pertinent,
795 3731 837 3796 ad
853 3736 1045 3796 structuram
1062 3723 1148 3795 κατὰ
1159 3727 1294 3800 σύνεσιν

173 3833 355 3900 revocanda
387 3839 469 3900 sunt.
513 3836 587 3899 Pac.
610 3853 638 3898 v.
657 3835 746 3897 1242.
790 3835 957 3917 Trygaeus
984 3832 1131 3898 tubarum
1155 3832 1293 3898 fabrica·
1322 3845 1326 3853 '

173 3937 234 4002 tori
256 3937 381 4020 suadet,
403 3942 437 4000 ut
459 3955 477 4001 e
499 3934 577 4000 tuba
599 3934 699 4001 faciat
720 3935 894 4001 cottabum:

261 4109 281 4172 ι)
298 4105 334 4160 ur.
352 4086 477 4172 noogui.
496 4102 531 4157 au
550 4103 613 4173 vig.
631 4120 657 4173 p.
668 4108 749 4172 eosq.
768 4108 796 4159 u
813 4119 840 4172 p.
851 4108 895 4171 553
914 4102 1027 4159 uruntur
1045 4105 1095 4159 rs.
1113 4105 1191 4174 §aa
1210 4107 1294 4170 extr.;

174 4191 349 4262 Engelhardt
366 4191 383 4244 l.
400 4205 424 4244 c.
444 4190 514 4258 sp.I
532 4206 559 4257 p.
576 4194 623 4260 213
650 4189 812 4260 Kampfner.
830 4191 846 4243 l.
863 4204 885 4243 e
904 4192 977 4258 §133
1000 4190 1113 4245 Wrobel
1131 4190 1148 4244 l.
1159 4205 1182 4242 c.
1205 4205 1231 4260 p.
1246 4191 1291 4258 5⁴3

174 4277 305 4348 Blaydes.
322 4277 359 4331 ad
376 4273 432 4330 Av.
450 4292 477 4329 v.
489 4279 530 4330 47.
