2940 4898
168 269 207 330 48

251 439 313 502 Pro
329 435 514 501 accusativo
536 437 751 503 nominativus
772 436 992 502 anaeolnthicc
1007 458 1183 519 numquam
1207 439 1286 523 apud

168 538 415 623 Aristophanem
449 548 629 624 usurpatur,
658 541 747 606 cuius
775 539 1000 606 anacoluthiac
1027 542 1179 625 exempla
1207 542 1287 626 apud

168 640 334 706 aliusnon
358 641 508 726 desuntl)

254 746 281 808 3.
305 742 415 808 Tertia
438 745 547 808 horum
572 744 836 810 anacoluthorum
867 745 991 828 species
1013 744 1169 829 exoritur,
1192 744 1288 811 sicubi

168 846 316 912 notiones
339 847 389 912 vel
411 866 507 912 voces
530 847 755 913 distributivae
768 846 939 930 singularis
955 847 1079 912 numeri
1102 867 1175 912 cum
1199 849 1290 933 parti·

170 948 252 1032 cipio
283 949 472 1015 coniunctae
509 949 724 1034 appositionis
763 950 833 1014 loco
865 971 934 1014 curn
966 949 1083 1033 plurali
1122 950 1175 1014 vel
1208 950 1291 1015 duali

169 1050 442 1135 coniunguntur.·²)

253 1154 334 1219 Plut.
352 1157 412 1218 782
429 1175 473 1237 sq.
499 1155 688 1239 Chremylus
711 1154 886 1219 exclamat:
915 1149 959 1231 ὡς
981 1149 1132 1237 χαλεπόν
1156 1153 1241 1219 εἰσιν
1263 1153 1292 1219 ot

172 1258 266 1338 φίλοι
287 1256 290 1342 l
311 1255 343 1321 οὲ
367 1253 565 1342 φαινόμενοι
581 1248 768 1341 παραχρῆμ)
785 1249 868 1322 ὅταν
890 1251 1023 1342 πράττη
1050 1280 1100 1332 τις
1122 1242 1175 1321 εὖ·
1195 1257 1199 1341 Ι
1223 1253 1293 1322 νύτ-

171 1378 266 1424 τουσι
290 1356 352 1445 γάρ
383 1360 438 1423 καὶ
466 1360 573 1442 φλῶσι
599 1351 831 1444 τάντικνήμια,
852 1360 855 1444 l
875 1354 1128 1442 ἐνδεικνύμενος
1159 1356 1295 1436 ἕκαστος

170 1453 307 1527 εὔνοιάν
329 1485 418 1540 τινα,
451 1461 502 1526 ubi
534 1467 694 1526 structura
721 1462 781 1525 rite
810 1461 1009 1526 conformata
1031 1461 1217 1544 genetivum
1241 1461 1295 1528 ab·

169 1564 307 1628 solutum
340 1561 611 1649 (ἐνδεικνυμένου
643 1558 799 1647 ἑκάστου)
831 1562 975 1646 flagitat,
1009 1563 1095 1645 quod
1127 1564 1215 1630 idem
1249 1570 1296 1630 est

169 1668 227 1731 Ar.
245 1670 305 1730 706
322 1685 368 1747 sq.
393 1664 515 1731 Chorus
538 1664 569 1729 in
592 1665 755 1750 parabam,
778 1672 812 1728 ut
834 1685 911 1731 aves
934 1665 1060 1729 Amoris
1082 1666 1202 1731 liberos
1225 1685 1294 1732 csse

169 1768 379 1851 demonstret,
407 1768 496 1833 dicit·
529 1764 581 1833 διά
612 1764 674 1852 τὴν
707 1763 800 1850 ίσχδν
829 1764 891 1852 τὴν
913 1757 1078 1852 ἡμετέραν
1102 1764 1294 1852 διεμήρισαν

170 1864 289 1956 άνδρες
309 1870 453 1956 ἐρασταί,
473 1871 476 1956 l
497 1864 516 1936 ὃ
538 1872 598 1955 μὲν
622 1865 747 1955 άρτυχα
771 1861 860 1949 δούς,
884 1863 953 1935 tot
976 1862 1202 1955 πορφυρίων’,
1226 1864 1293 1936 tot

169 1965 252 2058 χῆν’,
284 1968 301 2038 ὃ
326 1973 361 2038 δε
384 1968 551 2058 Περσικὸν
574 1968 678 2058 ὄρνιν.

256 2075 379 2140 lladom
403 2082 559 2140 structura
581 2091 820 2157 nonnumquam
844 2075 941 2139 etiam
965 2074 1293 2157 invenitu1·,ubivcr··

170 2179 244 2244 bum
275 2177 396 2243 linitum
425 2177 458 2241 in
490 2177 632 2242 secunda
654 2175 706 2241 vel
729 2177 833 2261 prima
855 2197 993 2261 persona
1016 2178 1151 2262 ponitur.
1199 2178 1291 2262 Vesp.

171 2284 234 2346 689
251 2300 318 2364 sqq.
336 2281 519 2364 Brlelycleo,
542 2280 596 2362 qui
619 2286 744 2364 patrem
768 2279 1020 2363 commonefacit,
1043 2285 1163 2361 quanto
1187 2281 1292 2364 peiore

171 2383 354 2450 conditione
378 2390 507 2448 utantur·
529 2382 650 2448 iudices
673 2380 896 2446 defensoribus
918 2381 1065 2465 quamvis
1081 2382 1214 2466 flagitiis
1230 2384 1293 2467 pol·

171 2487 257 2570 lutis,
280 2479 333 2564 ὡς,
356 2485 468 2567 inquit,
492 2477 582 2561 ὅστις
607 2478 648 2550 tv
663 2479 758 2567 ὑμῶν
778 2483 782 2570 l
802 2475 943 2571 δστερος
966 2480 1049 2568 ἔλθη
1071 2487 1134 2550 τοί·
1150 2486 1293 2572 σημείου,

172 2587 210 2656 τὸ
231 2584 420 2675 τριώβολον
444 2578 486 2652 cci
502 2600 674 2670 κομιεῖται,
695 2586 700 2670 Ι
721 2578 823 2664 αὐτὸς
847 2587 882 2652 δε
897 2588 989 2672 φέρει
1004 2584 1044 2653 τὸ
1060 2583 1294 2674 συνηγορικὸν,

174 2687 331 2777 δραχμήν,
354 2683 418 2755 κάν
440 2683 581 2773 ὕστερος
604 2688 701 2772 ἔλθη·
725 2688 804 2772 luat
827 2693 1006 2756 κοινωνῶν
1028 2691 1099 2754 τῶν
1123 2681 1295 2775 ἀρχόντων

173 2793 276 2882 ἑτέρῳ
306 2794 373 2858 τινὶ
399 2796 470 2858 τῶν
492 2784 567 2877 μεθ
583 2789 720 2872 ἑαυτοῦ,
741 2792 744 2872 l
765 2787 808 2877 ἢν
829 2793 880 2868 τίς
902 2816 935 2858 τι
958 2793 1040 2876 διδῷ
1062 2795 1132 2858 των
1156 2789 1295 2879 φευγόν-

173 2921 253 2978 των,
269 2895 433 2979 ξυνθέντε
450 2892 489 2962 τδ
504 2899 637 2981 πρᾶγμα
654 2885 706 2961 ot'
723 2886 798 2960 δντε
819 2895 823 2980 l
843 2887 1109 2975 ἐσπουδάκατον,
1130 2895 1184 2961 ubi
1199 2897 1296 2962 verba

173 3003 352 3065 κοινωνῶν
379 3036 421 3046 -
447 2995 549 3084 ἑτέρῳ
576 2999 656 3082 (scil.
677 2995 801 3081 ἕτερος)
832 3020 890 3082 pro
920 2998 1121 3083 appositione
1153 2999 1198 3064 ad
1227 2998 1296 3064 sub·

177 3102 291 3169 iectum
315 3104 347 3168 in
371 3103 468 3168 verbo
492 3098 748 3168 ἐσπουδάκατον
769 3101 889 3165 latente
912 3099 1063 3165 habenda
1086 3101 1196 3186 sunta)

259 3206 353 3288 Vesp.
372 3207 513 3287 marcq.
537 3203 659 3269 Chorus
681 3222 853 3286 vesparum
877 3203 998 3286 impetu
1020 3201 1176 3284 gloriatur
1199 3208 1294 3285 atquc

174 3307 301 3388 ferocia,
317 3328 381 3391 qua
395 3315 505 3373 contra
517 3308 633 3372 Persas
648 3325 789 3391 pugnam
802 3304 921 3370 inierit:
945 3297 1145 3389 ἐμαχόμεσθ’
1157 3295 1295 3382 αὐτοῖσι,

176 3406 288 3496 θυμὸν
315 3400 431 3495 ὀξίνην
461 3405 668 3489 πεπωκότες,
688 3408 692 3495 Ι
713 3403 792 3485 στάς
815 3398 899 3492 ἀνὴρ
922 3398 1001 3493 παρ)
1017 3398 1110 3491 άνδρ’
1125 3399 1184 3472 ὑπ’
1199 3402 1296 3493 ὀργῆς

175 3505 238 3599 την
259 3504 405 3598 χελύνην
429 3511 563 3579 ἐσθίων.

263 3736 284 3801 ¹)
302 3734 336 3788 de
354 3733 444 3802 poetis
462 3733 575 3801 tragicis
594 3732 651 3786 vid.
669 3732 791 3787 Wrobsl.
809 3732 826 3784 l.
836 3746 860 3785 c.
879 3734 1011 3798 p.81sq.;
1028 3729 1115 3785 Koch.
1134 3730 1152 3782 l.
1163 3745 1186 3784 c.
1204 3746 1231 3799 p.
1246 3733 1291 3796 383

177 3820 211 3874 de
229 3819 348 3875 Homero
366 3822 454 3874 Laun.
474 3819 525 3872 lc.
544 3818 599 3888 §23
618 3817 652 3872 dc
671 3816 851 3888 Thucydide:
870 3812 1024 3885 Κουρίου
1042 3815 1060 3868 Ι.
1074 3831 1096 3869 c.
1115 3819 1199 3884 p.3l;
1218 3829 1291 3881 prac-

176 3911 252 3960 terea
269 3904 305 3960 cf.
323 3905 441 3972 Krtigcr.
457 3903 470 3957 l
487 3904 558 3973 §56‚
572 3908 596 3971 9,
612 3907 635 3971 4,
653 3903 680 3957 ll
697 3902 768 3972 ἕω,
784 3905 804 3969 t,
821 3907 848 3969 13
875 3899 996 3954 Klilrner.
1015 3899 1122 3969 §coint
1140 3920 1147 3970 ς
1175 3899 1294 3963 Βίοίιίοε,

177 3991 193 4044 l·
205 4007 227 4045 0·
246 3997 329 4142 piis.
348 4075 471 4130 Klihuer.
489 4079 504 4142 §
521 4077 579 4141 loc,
590 4078 613 4142 t,
637 4072 672 4128 cf,
691 4074 772 4128 etiam
791 4073 875 4142 ἕλοι,
886 4077 952 4126 a-tr
976 4075 1005 4126 et
1023 4070 1167 4127 Thiersch.
1185 4070 1231 4126 Gr.
1249 4068 1292 4124 Gr.

177 4163 338 4313 ἔῃθ’θὲοοί.
357 4244 485 4314 Xenoph.
504 4242 612 4298 Hellll
624 4246 671 4313 2,3
691 4248 808 4311 atquae
827 4247 942 4296 annotat
960 4242 1239 4297 Bllchsonschlltzius.
