2940 4898
275 291 317 348 a4

275 471 479 554 Blaydesius,
503 471 560 552 qui
571 472 676 536 locum
700 478 888 553 corruptum
913 490 985 536 esse
1010 473 1116 549 putat,
1142 470 1278 548 pronai
1301 461 1400 527 scribi

277 588 349 653 vult
373 585 457 667 τάδε,
482 605 546 668 qua
568 586 759 652 coniectura
782 592 892 650 tamen
916 604 980 650 non
1005 602 1086 664 opus
1111 587 1162 646 est
1181 581 1203 662 l.

365 701 442 766 Alia
464 701 631 766 adiectiva
656 701 797 782 pluralia
821 701 935 765 eodem
963 699 1058 763 morlo
1088 716 1146 777 pro
1171 693 1401 775 singularibus

275 824 434 898 usurpata
457 822 542 881 sunt:
567 817 646 897 Lys'.
662 824 713 879 34.
738 814 881 896 βέλτιστα
907 817 1013 876 ιὀίνυν
1033 812 1138 896 μηκέτ’
1161 802 1243 871 εἶναι
1276 802 1309 890 ui,
1335 809 1402 868 Aio

277 932 359 1015 (scil.
374 927 448 1004 τους
474 931 766 1012 Πελοποννησίους)
784 932 862 997 ibid.
892 939 952 996 142
977 923 1100 1006 χαλεπὰ
1123 928 1182 1007 μὲν
1197 928 1249 988 ναὶ
1275 919 1315 986 τὼ
1331 918 1388 985 σιώ

275 1042 535 1126 γοναῖκαςῧτννῶν
567 1046 628 1110 ἐστ’
666 1041 743 1109 ἄνευ
774 1046 882 1127 ψωλᾶς
908 1040 1036 1126 procaci)
1066 1045 1238 1110 Notandus
1261 1042 1403 1121 denique

279 1171 331 1227 est
353 1182 385 1226 v.
432 1162 495 1244 Eq.
528 1172 566 1227 73
599 1156 734 1243 κράτιστ’
759 1159 882 1245 ἐκείνην
907 1152 943 1244 ἢν
966 1155 1121 1240 μόλωμεν,
1152 1160 1217 1240 ubi,
1243 1157 1405 1238 Siquidem

277 1277 459 1359 Bergkium
491 1279 666 1359 sequimur,
693 1278 749 1359 qui
779 1277 985 1343 Ravennatis
1010 1277 1206 1358 scripturam
1236 1269 1274 1340 ib·
1298 1272 1331 1336 in
1366 1268 1406 1358 ἥν

276 1397 391 1473 mutat,
417 1393 536 1457 ceteris
559 1392 653 1458 libris
681 1393 735 1479 τὴν
758 1393 1000 1474 exhibentibus,
1025 1390 1165 1473 pluralis
1188 1386 1337 1475 κράτιστα
1363 1387 1407 1450 acl

277 1508 483 1572 enuntiatum
499 1507 729 1573 coniunctione
745 1506 920 1572 formatum
936 1507 1096 1589 pertinet,
1111 1503 1277 1587 (conferas
1293 1508 1409 1568 tamen

277 1621 398 1686 Kockii
422 1622 464 1687 ad
488 1624 518 1687 h.
543 1621 564 1686 l.
589 1623 864 1703 annotationem.)

368 1737 409 1802 ad
434 1738 468 1818 2)
493 1737 577 1802 Rati.
603 1746 677 1802 277.
703 1741 849 1819 προοέναι
872 1735 1016 1817 βέλτιστα
1039 1735 1144 1819 ordini).

366 1850 488 1916 Similis
511 1851 598 1917 ratio
622 1854 752 1918 obtinet
774 1853 808 1917 in
831 1853 1005 1917 adiectivis
1037 1870 1121 1932 quae
1145 1855 1305 1915 vocantur
1329 1866 1408 1912 ver-

277 1966 415 2049 balibus,
441 1967 505 2031 nisi
518 1967 605 2047 quod
625 1967 790 2049 infinitivi,
805 1968 846 2032 ari
863 1986 944 2048 qrros
957 1972 1107 2032 neutrum
1121 1964 1249 2046 plurale
1266 1968 1408 2045 spectat,

278 2081 312 2146 in
336 2081 402 2147 illis
426 2082 507 2163 ipsis
530 2081 680 2164 luteum).

369 2197 450 2261 Abh.
476 2204 549 2262 394.
573 2203 628 2262 καί
645 2224 700 2281 μοι
716 2197 850 2278 βαδιστέ’
873 2195 957 2260 ἐστίν
973 2190 1014 2269 ὡς
1028 2188 1217 2280 albiniaca.
1235 2192 1312 2256 ibid.
1331 2200 1409 2261 480.

281 2302 358 2377 ἄνευ
388 2306 530 2384 σάνδτκος
558 2307 765 2395 ἐμπορευτέα,
811 2313 895 2378 Nub.
922 2323 994 2379 727.
1026 2306 1064 2375 ori
1086 2313 1301 2392 μαλθακιστέ’,
1325 2306 1407 2375 ἀλλὰ

281 2430 543 2512 παρακαλυπτὲα.
584 2429 662 2510 LyS.
682 2435 744 2492 124
764 2420 901 2507 ἀφεκτέα
917 2431 1025 2490 τοίνυν
1039 2427 1123 2492 ἐστὶν
1135 2423 1211 2515 ἡμῖν
1226 2432 1279 2493 τοῦ
1297 2435 1408 2502 πέους.

282 2543 361 2608 ibid.
386 2552 460 2609 411.
496 2540 566 2623 ἐμοὶ
594 2543 653 2622 μὲν
682 2531 740 2604 οὖν
763 2539 793 2614 ἐς
822 2544 988 2624 Σαλαμῖνα
1017 2544 1183 2610 πλευστέα.
1228 2548 1306 2613 ibid.
1332 2556 1410 2614 450.

283 2658 429 2722 οὐδέποτ’
459 2656 527 2722 ἐσθ’
557 2653 690 2744 ἡττητέα
716 2651 824 2744 (ἡμῖν.
878 2661 963 2726 Rau.
998 2670 1092 2728 1180.
1125 2656 1164 2725 ori
1191 2658 1247 2745 γὰρ
1274 2656 1411 2743 μούστὶν

283 2768 350 2838 ἀλλ’
371 2768 531 2838 ἀκουστέα.
577 2777 664 2842 Plus.
693 2785 786 2842 1085.
812 2779 997 2840 συνεκποτέ’
1018 2775 1085 2841 ἐστί
1106 2797 1153 2841 σοι
1176 2775 1233 2864 τὴν
1253 2775 1359 2863 τρύγα.

373 2890 434 2956 His
459 2890 618 2972 exemplis
634 2892 742 2973 aptius
764 2891 906 2961 tortasse
931 2914 1027 2976 quam
1044 2896 1119 2961 aliis
1136 2914 1218 2961 unus
1242 2897 1299 2961 ille
1315 2897 1408 2965 locus

282 3005 480 3088 annectitur,
506 3007 540 3071 in
563 3025 625 3086 quo
643 3007 826 3073 adiectivae
851 3010 940 3075 vocis
966 3015 1116 3076 neutrum
1132 3012 1269 3094 plurale,
1295 3014 1409 3079 addito

282 3119 431 3204 articulo,
455 3121 497 3185 ad
513 3121 715 3186 substantivi
731 3141 899 3189 numerum
916 3125 1117 3207 singularem
1135 3128 1289 3208 pertinet.
1315 3130 1409 3208 Quod

282 3235 466 3317 exemplum
489 3237 658 3301 invenitur
681 3235 714 3300 in
736 3237 819 3301 Ran.
845 3257 876 3304 v.
902 3248 963 3304 421
981 3235 1089 3305 κάστὶν
1113 3241 1195 3323 (scil.
1218 3235 1410 3327 Ἀρχέδημος)

283 3344 321 3412 τὰ
344 3352 456 3433 πρῶτα
481 3352 516 3423 νῖ,
519 3374 533 3422 ς
556 3347 623 3412 ἐκεῖ
641 3356 829 3436 μοχθηρίας.
870 3354 968 3419 liuius
993 3360 1159 3421 structura
1174 3357 1240 3421 alia
1257 3361 1410 3441 exempla

283 3485 324 3529 ex
348 3467 455 3547 poetis
479 3472 513 3531 et
533 3468 748 3549 scriptoribus
772 3471 965 3552 deprompta
981 3471 1095 3536 videre
1110 3472 1188 3536 licet
1204 3472 1237 3535 in
1256 3473 1410 3556 llergleri

283 3581 334 3645 ad.
352 3582 382 3646 h.
400 3580 421 3646 l.
439 3582 662 3665 annotatione,
688 3586 776 3666 apud
792 3586 996 3651 Wrobelium
1009 3587 1030 3650 l.
1044 3606 1070 3651 c.
1085 3607 1113 3667 p.
1127 3595 1179 3668 40,
1205 3588 1407 3686 Brunckium

358 3780 376 3843 ¹)
395 3783 466 3844 qood
486 3790 620 3853 praeterea
646 3785 769 3847 proponit
790 3785 957 3848 Bloyrlesius:
977 3786 1029 3846 καὶ
1059 3792 1202 3866 πέμπειν
1232 3790 1406 3850 m'minus

284 3866 389 3929 elegans
409 3874 456 3928 cst,
475 3883 555 3929 quam
573 3869 643 3931 quod
664 3869 835 3932 Aristophani
855 3871 996 3920 tribuerim.

355 3949 378 4011 ²)
397 3953 425 4000 cf
451 3952 558 4016 Reisigii
577 3951 652 4014 Conj.
673 3955 699 4002 in
721 3955 800 4001 Arist.
820 3956 831 4003 l
851 3971 875 4018 p.
895 3961 927 4003 30

352 4033 376 4090 ³l
397 4037 431 4086 os.
452 4038 547 4087 Kockii
564 4054 615 4088 ann

353 4119 378 4181 ⁴)
397 4137 420 4171 v.
439 4124 549 4172 Kiihner
567 4124 581 4184 §
599 4129 648 4172 366
669 4125 807 4186 atKriiger
828 4129 837 4176 l
857 4130 927 4187 §44,
945 4133 967 4175 4.
990 4134 1012 4188 2,
1032 4128 1076 4189 qui
1088 4129 1204 4191 inprimis
1223 4130 1403 4194 'Plrncyrlirlem

284 4217 309 4257 et
330 4216 420 4270 poetas
438 4210 571 4257 scaenicos
584 4209 655 4257 illum
674 4209 936 4272 pluralemusurpare
955 4213 1025 4261 llicit.
1053 4212 1162 4278 Saepius
1177 4217 1256 4264 etlam
1275 4218 1404 4266 invenitur

284 4295 356 4358 apud
375 4291 546 4355 Herodotum,
565 4295 597 4343 de
616 4309 668 4356 qno
686 4309 710 4344 v.
731 4294 832 4345 Abicht
854 4300 886 4347 ad
905 4297 946 4344 lll
966 4302 995 4345 61
1016 4307 1081 4348 extr.
