2940 4898
206 293 246 353 14

203 471 390 564 προσιόνταε
414 492 491 539 nam
507 473 607 540 etiem
623 472 781 556 pluribus,
800 468 970 538 dummodo
987 487 1053 536 una
1069 469 1217 554 veniant,
1234 488 1335 535 unam

200 588 367 655 lucernam
391 587 541 655 sufficere
565 608 625 670 per
649 609 683 655 se
708 593 811 671 petet.
837 587 913 654 Jam
937 605 1027 670 vero,
1053 586 1119 652 nisi
1142 605 1213 652 oum
1229 585 1331 650 Bent-

202 705 266 772 leio
283 705 423 786 aliisque
435 772 437 776 ,
447 705 659 772 masculinum
678 700 872 790 προςιόνιων
888 704 923 768 iu
935 700 1127 767 femininum
1140 701 1336 785 προςνοοσῶν

203 821 393 888 mutandum
418 840 490 888 esse
512 836 690 902 censemus,
716 818 928 885 statuendum
952 816 1016 882 erit
1038 819 1243 898 (quamquam
1267 821 1337 886 alia

204 941 299 1005 huius
314 939 402 1004 modi
416 937 567 1018 exempla
574 937 653 1001 mihi
666 954 732 1001 non
746 933 991 1016 innotuerunt),
1016 939 1148 1014 poetam
1171 937 1232 1002 hoc
1261 936 1335 1003 loco

204 1055 364 1137 pluralem
396 1069 565 1121 numerum
595 1051 763 1117 masculini
788 1051 922 1136 generis
949 1069 1008 1132 pro
1032 1050 1153 1132 plurali
1183 1050 1334 1117 feminini

203 1172 336 1252 generis
360 1169 585 1251 usurpavisse,
612 1168 704 1233 chori
728 1168 883 1233 mulieres
906 1184 971 1232 non
1002 1167 1067 1233 nisi
1089 1168 1125 1232 in
1140 1167 1331 1233 universum

205 1293 242 1352 ut
267 1288 416 1353 homines
440 1283 692 1366 significantem.
1227 1274 1230 1280 ⁴

293 1401 478 1485 Singularis
504 1420 584 1465 vero
609 1400 782 1466 masculini
814 1419 872 1480 pro
903 1398 1067 1481 singulari
1097 1402 1247 1470 feminini
1275 1424 1333 1489 ge·

204 1517 294 1582 neris
321 1535 564 1599 nonnumquam
588 1519 629 1583 ab
653 1515 876 1596 Aristophane
912 1516 1036 1597 positus
1069 1525 1128 1604 est,
1153 1525 1191 1587 ut
1214 1520 1333 1589 mirum

203 1633 237 1697 in
272 1635 400 1700 modum
435 1635 470 1698 in
504 1634 619 1700 iisdem
654 1632 910 1714 Ecclesiazusis‚
954 1651 986 1697 v.
1018 1641 1094 1718 483,
1126 1637 1182 1704 ubi
1213 1639 1333 1706 chorus

204 1750 376 1817 mulierum
397 1749 562 1832 singulam
583 1768 744 1832 quamque
767 1769 809 1815 ex
825 1754 962 1815 caterva
981 1752 1026 1834 ut,
1046 1771 1108 1834 quo
1122 1753 1252 1822 facilius
1267 1754 1335 1822 viri

203 1886 275 1933 esse
284 1867 473 1949 videantur,
487 1871 610 1932 terram
618 1864 977 1944 vehementerpedibus
985 1866 1128 1953 pulsent,
1139 1870 1335 1936 adhortatur

204 1984 329 2050 Verbis:
360 1976 429 2047 ἀλλ’
468 1972 509 2052 ὥς
540 1974 676 2060 μάλιστα
707 1989 776 2045 νοῖν
813 1981 927 2044 ποδοῖν
954 1974 1142 2048 ἐπικτυπῶν
1178 1980 1291 2068 βάδιζε.
1311 1986 1332 2069 Ι)

203 2100 399 2184 Blaydesius
430 2092 527 2159 nimis
562 2097 729 2164 violenter
751 2087 917 2160 κνοποῦσά
942 2119 998 2180 μοι
1034 2091 1140 2181 βάδιζε
1167 2102 1222 2169 vel
1244 2096 1331 2171 ἐπικ-

205 2217 351 2280 τυποῦσα
387 2205 481 2296 χώρει
504 2215 679 2284 emendare
714 2215 803 2298 vult;
840 2216 898 2282 sed
939 2213 1098 2279 librorum
1137 2215 1333 2298 scripturam

204 2330 410 2396 retinendam
435 2331 530 2411 put03
563 2329 706 2396 fortasse
736 2332 946 2399 anacoluthia
974 2331 1023 2396 ita
1046 2330 1243 2420 explicanda
1270 2337 1332 2415 est,

204 2453 242 2514 ut
265 2466 336 2514 curn
360 2447 393 2512 in
417 2446 492 2512 eliis
516 2448 612 2513 huius
642 2448 733 2513 chori
756 2449 908 2530 pertibus
939 2447 1009 2529 (vv.
1035 2454 1110 2512 481.
1143 2453 1217 2512 485.
1242 2448 1333 2531 487.)

203 2561 394 2627 femininum
433 2566 551 2643 exstet,
583 2565 703 2642 poetae
727 2563 835 2628 animo
868 2563 1046 2628 obversata
1069 2563 1121 2641 sit·
1148 2562 1332 2629 sententia:

207 2677 273 2742 viri
297 2677 404 2743 instar
429 2677 566 2758 pedibus
590 2682 714 2744 terram
737 2679 883 2761 pulsans.
998 2665 999 2669 ¹

296 2793 434 2858 Versum
457 2793 587 2860 Thesm.
612 2797 685 2877 285,
712 2812 774 2876 quo
791 2792 1013 2858 Mnesilochus
1029 2792 1176 2859 mulieris
1192 2809 1334 2873 persona

205 2909 338 2974 indutus
362 2908 402 2973 de
426 2927 461 2974 se
485 2909 596 2976 dicens
629 2927 752 2995 genere
782 2908 938 2976 feminino
962 2907 1068 2974 utitur
1091 2912 1126 2975 et
1149 2925 1232 2990 quae
1255 2915 1333 2974 sunt

207 3025 340 3107 generis
363 3026 506 3091 eiusdem
530 3027 594 3092 huc
615 3047 680 3094 non
704 3031 854 3109 spectare
877 3044 937 3107 per
960 3044 996 3091 se
1019 3023 1154 3106 pates).

296 3141 406 3208 Aliter
429 3161 482 3208 res
506 3143 536 3208 si
555 3144 656 3209 habet
680 3143 719 3208 rie
743 3140 907 3209 vocativis
930 3136 1030 3206 τάλαν
1051 3143 1086 3205 et
1108 3134 1192 3222 μέλε,
1216 3139 1333 3220 quibus
1352 3189 1355 3193 ν

207 3259 295 3340 apud
318 3259 473 3325 comicum
497 3259 630 3340 saepius
646 3258 800 3324 mulieres
813 3256 1060 3340 compellantur.
1100 3255 1210 3337 Atque
1232 3251 1332 3324 τάλαν

208 3373 269 3438 hoc
303 3373 398 3439 modo
439 3380 616 3457 usurpatur
652 3375 686 3439 in
725 3392 780 3440 vv.
812 3375 891 3459 Lys.
924 3382 995 3440 102.
1020 3373 1105 3438 Rau.
1137 3377 1210 3437 559.
1240 3370 1329 3437 ΕοοΙ.

209 3495 281 3555 124.
305 3489 392 3556 Plut.
420 3495 601 3571 706.1055‚
626 3485 703 3572 μέλε
726 3488 760 3551 in
784 3507 839 3555 vv.
856 3490 936 3574 Lys.
963 3498 1014 3572 56,
1043 3495 1115 3570 157,
1140 3486 1230 3553 Εοο1.
1257 3494 1331 3552 120.

205 3603 310 3671 Poeta
333 3605 384 3670 his
407 3607 487 3674 locis
512 3623 634 3689 genere
649 3602 803 3685 neglecto
827 3623 1001 3685 personam
1024 3602 1233 3687 significasse
1249 3601 1332 3667 satis

206 3719 393 3804 habebatl)
418 3725 626 3806 quamobrem
643 3719 848 3786 Fritzschius
866 3721 924 3802 (ad
938 3723 1024 3789 Ran.
1043 3722 1121 3804 559)
1138 3737 1204 3786 uon
1219 3717 1332 3799 inepte

207 3832 306 3902 τάλαν
330 3839 446 3904 vertit:
472 3838 514 3903 dn
531 3854 638 3902 armes
663 3835 796 3903 Wesen.

281 4059 304 4125 ¹)
323 4063 352 4112 ci
368 4062 501 4114 Wrobell
530 4079 551 4112 c.
570 4079 596 4127 p,
616 4068 647 4110 25
666 4070 733 4112 extr.

278 4144 301 4208 ²)
320 4151 351 4199 In
371 4148 438 4198 Eccl.
457 4163 493 4198 vs.
520 4149 566 4196 172
590 4148 743 4210 Praxagora
761 4161 898 4211 personam
918 4146 964 4194 viri
980 4138 1131 4209 ‘sursceptam
1146 4146 1213 4197 mule
1227 4153 1327 4207 tuetnr3

210 4246 367 4293 quamquam
387 4231 419 4280 ob
438 4233 464 4283 id
475 4235 562 4299 iprum
580 4240 679 4282 ceteras
690 4232 809 4281 mulieres
822 4246 899 4294 saepe
909 4231 1047 4293 vituperat.
1069 4231 1096 4279 cf
1104 4234 1184 4282 eliam
1195 4247 1216 4284 v,
1233 4235 1281 4280 285
1292 4245 1331 4293 sq.

277 4314 301 4376 ³)
320 4318 348 4367 ci
364 4317 468 4383 Kriiger
486 4317 523 4370 Gr
549 4317 607 4383 Spr.
627 4319 712 4378 1122,
736 4323 760 4371 6.
781 4322 805 4366 5,
