2940 4898
201 297 241 357 62

201 463 248 528 ita
275 464 349 543 sint,
385 465 517 530 Millero
546 468 693 531 assentiri
721 488 783 531 non
807 487 950 553 possum,
980 468 1034 550 qui
1057 469 1101 535 ad
1125 470 1211 535 boh.
1229 492 1262 538 v,
1278 475 1342 534 242

202 558 335 652 (πρῶθ’
351 567 383 644 ἐς
405 560 445 633 τὸ
467 564 619 654 πρόσθεν
643 619 668 635 ..
690 559 710 656 ἢ
733 565 940 657 κανηφόρος)
962 590 1033 635 oum
1048 570 1139 655 loeis,
1161 572 1343 656 inquibus

202 672 268 745 πᾶς
297 689 368 734 oum
398 672 539 736 secunda
569 672 752 755 imperativi
783 692 921 757 persona
954 673 1172 758 coniungitur,
1211 695 1273 741 eos
1308 683 1344 741 ut

202 771 323 837 similes
346 782 522 857 comparat,
550 774 583 838 in
607 775 722 856 quibus
745 775 962 840 nominativus
984 776 1162 857 singularis
1186 778 1346 852 substan·

202 874 258 940 tivi
282 895 352 941 cum
375 876 567 960 imperativo
590 878 748 943 secundae
770 897 927 963 personae
949 880 1138 945 coniunctus
1161 887 1225 946 est.

679 1082 786 1167 Caput
808 1085 845 1150 V.

615 1202 668 1269 De
693 1195 911 1286 epanalepsi.

718 1326 737 1403 s
762 1325 810 1387 ro.

289 1439 441 1519 Prolatis,
474 1459 558 1522 quae
592 1441 631 1506 de
664 1442 860 1525 singularum
896 1463 1010 1507 vocum
1044 1444 1274 1512 anacolutbiis
1310 1448 1344 1512 in

203 1548 352 1627 promptu
376 1541 553 1622 habuimus,
575 1563 658 1608 nunc
681 1544 723 1608 ad
742 1564 782 1610 ea
797 1545 993 1611 anacolutha
1008 1552 1230 1632 transeamus,
1255 1570 1344 1632 quae

203 1645 382 1730 pariuntur,
404 1645 503 1708 sicubi
526 1652 613 1710 totae
636 1648 872 1712 enuntiationes
894 1649 940 1712 ita
963 1648 1036 1713 aliis
1051 1656 1284 1732 annectuntur,
1309 1660 1344 1718 ut

203 1747 297 1812 aliter
325 1747 513 1831 procedant,
545 1753 641 1830 atque
664 1770 721 1832 pro
745 1757 902 1814 structura
924 1751 1052 1833 incepta
1073 1754 1341 1836 exspectandum

204 1849 272 1914 fuit.
316 1848 408 1926 Quod
431 1850 478 1912 ita
500 1849 568 1915 lieri
591 1857 710 1934 potest,
740 1859 774 1914 ut
802 1859 858 1915 aut
881 1852 1055 1916 membrum
1079 1854 1243 1921 orationis
1266 1876 1344 1922 con-

204 1951 348 2016 cinnitati
376 1953 593 2016 necessarium
621 1953 786 2018 omittatur
808 1955 860 2019 vel
889 1955 1012 2018 ratione
1035 1973 1106 2018 cum
1129 1956 1206 2039 lege
1231 1978 1343 2041 gram-

205 2056 322 2119 matica
344 2075 406 2118 non
430 2061 622 2137 congruente
645 2063 793 2140 ponatur,
823 2059 955 2139 autito,
983 2062 1017 2120 ut
1038 2075 1143 2137 voces,
1167 2078 1259 2140 quae
1283 2061 1341 2127 ad·

205 2157 292 2222 ditae
308 2163 388 2240 sunt,
404 2176 666 2240 supervacaneae
683 2177 754 2223 esse
770 2158 949 2223 videantur.
975 2161 1081 2241 Atque
1096 2158 1185 2224 illius
1203 2162 1340 2245 quidem

204 2260 331 2343 generis
353 2259 547 2324 anacolutha
569 2260 741 2344 praecipue
764 2261 930 2344 particulis
952 2262 1036 2326 inter
1057 2280 1092 2326 se
1113 2282 1179 2326 non
1203 2284 1341 2350 respon·

205 2362 354 2428 dentibus
376 2368 497 2444 exorta,
526 2362 712 2446 dequibus,
744 2383 940 2446 quamquam
963 2364 1028 2427 iam
1052 2383 1072 2426 a
1095 2365 1178 2429 Iulio
1205 2366 1341 2454 vvehr1)

206 2464 293 2531 baud
315 2465 441 2530 exiliter
465 2464 662 2548 disputatum
685 2473 742 2547 est,
766 2467 867 2529 multa
888 2471 1056 2548 praeterea
1078 2465 1221 2534 dicenda
1237 2479 1342 2553 erunt,

206 2568 238 2632 in
262 2567 365 2632 altera
387 2567 482 2631 buius
505 2567 740 2632 dissertationis
762 2575 855 2652 parte
879 2569 1061 2632 accuratius
1084 2569 1243 2638 tractabo.

291 2671 340 2734 De
363 2671 403 2734 iis
426 2689 501 2734 vero
524 2669 616 2748 locis,
644 2672 677 2733 in
701 2670 816 2752 quibus
839 2690 934 2735 voces
957 2677 1115 2735 structura
1136 2691 1203 2739 non
1227 2680 1342 2759 postu·

206 2773 294 2838 lente
327 2772 504 2853 adduntur,
537 2790 620 2836 nunc
653 2792 736 2855 quae
770 2773 988 2837 animadverti
1021 2792 1200 2856 proponere
1232 2775 1342 2844 liceat.

206 2878 312 2958 Atque
339 2875 400 2939 huc
428 2874 636 2958 epanalepsis
659 2881 784 2958 spectat
806 2881 839 2939 et
861 2875 1076 2958 pleonasmus.
1119 2877 1164 2939 At
1186 2877 1342 2960 pleonas

207 2999 287 3056 mus,
318 2978 435 3062 quippe
468 2979 521 3059 qui
553 2978 689 3042 eandem
722 2979 912 3042 sententiam
943 2979 993 3042 vel
1022 2979 1185 3044 notionem
1209 2981 1347 3048 duobus·

208 3081 337 3162 quidem
361 3081 465 3144 modis
480 3081 648 3164 exprimat,
672 3087 863 3144 structuram
879 3086 986 3145 autem
1004 3071 1095 3144 nullo
1108 3080 1205 3145 modo
1220 3085 1344 3169 turbet,

207 3182 290 3248 inter
311 3181 532 3247 anacolutbias
554 3183 772 3247 numerandus
795 3202 858 3246 non
881 3188 938 3247 est.

135 3276 137 3280 ⁸
294 3285 507 3363 Quamobrem
545 3306 655 3351 earum
693 3292 816 3350 tantum
854 3286 1105 3365 enuntiatorum,
1144 3285 1178 3350 in
1216 3289 1343 3370 quibus

209 3389 398 3472 epanalepsi
422 3390 600 3455 sententiae
622 3395 714 3453 tenor
737 3389 984 3471 interrumpitur,
1007 3388 1066 3452 hoc
1088 3389 1157 3452 loco
1173 3391 1341 3458 rationem

209 3490 408 3556 babebimus.

294 3595 511 3679 Epanalepsis
533 3595 630 3678 igitur
652 3598 798 3677 apparet,
820 3593 921 3658 sicubi
945 3594 1033 3658 notio
1049 3593 1247 3661 antecedens
1262 3596 1342 3663 aliis

210 3695 315 3761 verbis
346 3696 543 3779 interpositis
574 3696 606 3758 in
637 3694 780 3760 oratione
810 3695 955 3777 sequenti
985 3701 1041 3760 aut
1069 3713 1146 3760 voce
1176 3694 1341 3780 singulari

210 3803 266 3862 aut
288 3799 509 3863 enuntiatione
532 3797 693 3882 repetitur,
723 3803 757 3861 ut
780 3797 907 3861 initium
930 3798 1083 3862 orationis
1104 3797 1282 3882 recipiatur
1306 3811 1342 3868 et

210 3899 243 3963 in
274 3901 460 3965 memoriam
491 3906 671 3982 revocetur,
706 3907 761 3964 aut
793 3905 827 3963 ut
857 3900 1035 3969 sententiae
1069 3899 1255 3984 posterioris
1285 3904 1340 3970 vis

211 4009 376 4086 augeatur.

297 4105 400 4170 Huius
422 4105 548 4189 generis
572 4104 796 4168 anacolutbiae
819 4105 960 4169 maxime
983 4103 1138 4170 sermonis
1153 4103 1338 4193 quotidiani

302 4279 321 4342 ¹)
340 4276 525 4342 Quaestionos
545 4271 777 4341 Aristophaneus.
804 4274 871 4328 Pars
889 4272 985 4343 prima,
1003 4274 1153 4343 Gottingae
1173 4277 1249 4328 1869.
