2940 4898
1192 307 1235 367 27

203 495 273 560 Duo
296 494 395 560 etiam
419 492 533 558 inveni
549 491 708 573 exempla,
733 490 900 571 inquibus
923 493 1018 557 homo
1035 492 1140 573 prima
1163 511 1235 574 per·

111 632 196 679 sona
218 610 309 676 modo
333 609 367 675 in
392 608 554 690 singulari
576 606 670 671 modo
694 606 728 670 in
752 606 872 687 plurali
896 624 1030 671 numero
1046 607 1160 672 utitur.
1196 609 1233 672 ln

112 730 297 808 fragmento
311 725 397 790 enim
421 743 441 788 a
456 723 590 788 Polluce
614 722 693 803 (VII
709 723 762 802 13)
788 741 829 786 ex
845 721 1012 787 comoedia
1024 742 1108 802 quae
1124 723 1234 788 Horae

113 841 302 907 inscribitur
324 843 458 904 servato
483 839 535 920 (N.
561 846 623 902 477
649 837 750 920 Dind)
775 837 928 919 legimus:
954 837 1023 919 ἐμοὶ
1045 839 1049 915 1
1068 833 1234 923 aperimur

111 953 142 1029 ἐς
165 951 198 1019 τὸ
221 957 358 1039 Θησεῖον
379 954 519 1036 δραμεῖν,
539 954 544 1029 Ι
564 948 631 1015 ἐκεῖ
649 949 733 1025 abug
754 943 793 1016 dv
816 955 933 1036 πρᾶσιν
956 946 1098 1039 εὕρωμεν
1118 960 1234 1035 μένειν.

195 1065 278 1132 Mihi
310 1064 439 1146 quidem
462 1069 553 1129 recte
581 1064 727 1146 Toupius
752 1084 769 1129 c
794 1065 957 1146 scriptura
979 1066 1105 1132 tradita
1129 1066 1158 1130 εἰ
1178 1090 1231 1147 μοι

107 1184 181 1266 ἐμοί
193 1180 383 1247 restituisse
400 1179 541 1261 videtur,
559 1179 766 1260 improbante
782 1179 929 1245 Porsono
948 1175 1023 1265 ἡμῖν
1039 1182 1234 1247 coniicicnte

106 1298 165 1379 (ad
188 1297 315 1363 Hecub.
328 1296 408 1360 Eur.
432 1314 464 1360 v.
484 1296 583 1377 1238)
600 1314 696 1376 quam
712 1294 932 1360 coniecturam
949 1297 1049 1361 etiam
1065 1297 1234 1379 Reisigius

106 1412 216 1479 reiicit
237 1431 310 1478 cum
334 1411 422 1477 dicat
446 1410 554 1493 (Conj.
578 1430 609 1491 p.
638 1410 731 1491 154);
764 1429 829 1475 non
861 1410 1021 1494 intellego
1052 1431 1108 1477 cur
1131 1413 1233 1479 Poiso

106 1528 323 1594 annotatione
344 1527 386 1592 ad
401 1525 571 1606 Euripidis
594 1525 761 1590 Hecubam
779 1545 810 1590 v.
832 1534 925 1609 1246,
950 1528 1069 1609 Toupii
1085 1530 1234 1594 emcnda-

108 1646 232 1710 tioncm
254 1643 420 1726 suscipere
436 1643 581 1708 noluerit
604 1638 675 1723 ἐμοὶ
695 1636 862 1723 κράασιύν
885 1640 969 1707 ἐστιν
984 1685 1026 1692 -
1043 1646 1102 1712 sed
1118 1647 1234 1711 inanes

112 1761 225 1825 turbas
246 1758 395 1825 moverit.

200 1874 348 1940 Formam
383 1866 526 1957 εὕρωμεν
560 1881 668 1939 autem
708 1875 869 1956 pluralem
905 1895 978 1941 esse
1007 1877 1063 1956 qui
1095 1884 1234 1941 Vocatur·

114 1989 358 2071 irraiestaticum,
372 2008 443 2054 cum
459 1988 549 2053 aliud
565 1990 750 2071 exemplum
762 1990 849 2070 apud
860 1991 1014 2054 comicum
1031 2010 1096 2055 non
1114 1996 1233 2074 exstet,

112 2116 227 2187 pultare
250 2104 309 2172 vix
336 2105 415 2171 licet
438 2123 545 2184 neque
576 2122 657 2185 opus
681 2110 750 2184 cst3
779 2122 854 2168 nam
886 2103 934 2169 ita
965 2124 1036 2170 eum
1069 2106 1234 2186 explicare

109 2239 289 2303 possumne,
314 2227 352 2285 ut
363 2236 495 2285 servum
511 2220 605 2283 modo
622 2218 663 2284 de
683 2238 718 2284 se
735 2219 815 2301 solo,
832 2222 926 2285 modo
944 2221 984 2285 de
996 2221 1116 2286 ceteris
1129 2222 1235 2286 servis

107 2354 217 2401 secum
239 2335 436 2401 consociatis
460 2335 626 2416 cogitasse
649 2334 875 2417 statuamus).

196 2451 268 2516 Non
292 2450 392 2516 aliter
407 2449 636 2531 explicandum
658 2454 710 2514 est
732 2450 872 2514 alterum
888 2451 1071 2532 exemplum
1084 2452 1117 2514 in
1135 2452 1233 2532 Vesp.

107 2585 162 2632 vv.
188 2574 251 2632 567
280 2585 329 2646 sq.
358 2565 388 2627 oi
411 2567 443 2628 δὲ
465 2560 650 2642 σκώπνανσ’,
673 2564 713 2626 iv'
740 2559 798 2641 ἐγὼ
821 2560 938 2642 γελάσω
967 2567 1019 2627 καὶ
1048 2561 1103 2628 ιὸν
1127 2562 1235 2646 θνμὸν

106 2676 306 2762 κατάθωμαι.
333 2683 337 2749 Ι
363 2671 422 2743 κᾶν
455 2675 500 2763 μὴ
536 2675 659 2754 τούτοις
695 2675 981 2762 ἀναπειθώμεσθα,
1014 2677 1053 2745 τὰ
1092 2679 1234 2766 παιδάρι’

108 2787 208 2858 εὐθὺς
234 2787 358 2856 ἀνέλκει
377 2832 380 2848 ι
401 2787 457 2864 νὰς
487 2792 617 2876 θηλείας
648 2793 700 2855 καὶ
731 2787 805 2864 τοὺς
840 2793 925 2873 υἱεῖς,
954 2796 1008 2878 τῆς
1036 2791 1146 2877 χειρός,
1177 2793 1235 2875 ἐγὼ

107 2901 306 2991 δἰἔκροῶμαι.
352 2904 416 2969 Hic
438 2903 543 2985 igitur
565 2904 672 2969 oratio
695 2923 809 2970 rursus
826 2906 948 2971 transit
970 2906 1004 2970 in
1020 2906 1233 2988 singularem.

107 3020 164 3102 (cf.
188 3019 277 3085 infra
302 3039 378 3102 pag.
404 3027 445 3084 49
470 3018 534 3101 sq.)

195 3135 225 3200 E
249 3134 388 3217 tragicis
410 3133 518 3216 poetis
548 3134 668 3200 multos
698 3134 787 3200 locos
818 3136 869 3201 his
898 3137 1022 3202 similes
1046 3138 1088 3202 W
1091 3141 1235 3207 robelius

107 3250 223 3318 attulit
245 3251 279 3316 in
302 3250 324 3315 l.
349 3269 376 3315 c.
401 3269 432 3330 p.
458 3257 499 3314 50
523 3268 571 3330 sq.

256 3520 292 3584 ll.
315 3517 494 3601 singularis
518 3537 666 3586 numerus
688 3541 744 3608 pro
767 3523 884 3608 plurali
908 3526 1091 3607 usurpatur.

632 3695 705 3777 §a

199 3839 292 3903 lnter
325 3836 569 3921 anacoluthias,
607 3858 690 3920 quae
722 3838 886 3924 oriuntur,
920 3841 1022 3906 sicubi
1054 3843 1234 3925 singularis

108 3971 264 4017 numerus
288 3971 346 4033 pro
371 3952 492 4034 plmali
515 3959 703 4038 usurpatur,
729 3974 788 4021 eac
805 3955 945 4022 maxime
961 3958 1129 4024 notandae
1145 3965 1232 4042 sunt,

109 4088 191 4150 quas
214 4067 363 4134 homines
378 4069 585 4152 grammatici
605 4069 735 4135 schema
751 4070 940 4138 Boeoticum
958 4074 1011 4139 vel
1026 4073 1234 4140 Pindaricum

183 4329 205 4391 ¹)
224 4328 276 4379 vid.
295 4327 398 4393 Kriiger
415 4328 429 4379 1
447 4328 461 4390 ξ
480 4333 522 4391 tl,
536 4333 560 4379 ν.
579 4345 603 4382 a.
626 4334 646 4380 1.
